4966 5577
817 610 930 669 359

1565 608 1756 664 PHtL.
1796 605 1968 663 Mer..
2006 603 2319 664 SCRIPTA
2356 602 2808 661 DOGMATICA
2842 602 2939 658 ET
2974 603 3430 661 SYMBOIJCA.

4069 600 4181 658 360

963 767 1247 822 Damnant
1298 776 1353 821 et
1406 767 1837 837 Anabaptistas,
1884 766 1977 839 qui
2032 773 2242 838 negant
2280 760 2458 818 semel
2534 763 2950 828 administrare,
2995 763 3104 816 nisi
3139 762 3244 817 rite
3284 770 3536 833 vocatuS,
3559 763 3635 828 θ’)
3667 759 3822 815 Sicut
3867 769 3922 814 et
3969 755 4176 813 Paulus

820 840 1173 904 iustificatos,
1210 839 1407 893 iterum
1427 855 1601 910 posse
1618 839 1871 893 amittere
1893 838 2153 909 Spiritum
2182 845 2454 890 sanctum.

819 912 1103 967 Damnant
1141 919 1196 964 et.
1232 908 1382 978 illos,
1422 912 1516 981 qui
1553 912 1897 967 contendunt
1931 909 2213 982 aliquibus
2250 919 2457 963 tantam

821 982 1220 1054 perfectionem
1252 984 1309 1036 in
1344 983 1455 1037 hac
1489 983 1605 1038 vita
1642 984 1997 1056 contingere,
2033 993 2093 1038 vt
2126 998 2200 1036 ne
2235 982 2459 1054 quidem

821 1056 1043 1127 possint
1078 1056 1275 1109 iterum
1311 1071 1569 1126 peccare.
1588 1057 1668 1121 ⁴⁵)

1528 1210 1653 1268 xli.
1675 1215 1754 1279 ⁴⁷)

971 1339 1061 1395 De
1119 1339 1487 1396 Confessione
1531 1351 1891 1411 peccatorum
1913 1342 1989 1406 ⁴⁸)
2033 1339 2264 1405 docent,
2309 1339 2460 1411 quod

827 1412 1133 1469 Absolutio
1206 1414 1388 1468 riuata
1423 1414 1478 1467 in
1518 1412 1795 1485 Ecclesijs
1833 1413 2122 1468 retinenda
2159 1413 2259 1477 sit,
2331 1428 2460 1465 uan-

827 1502 995 1555 quam
1041 1485 1098 1540 in
1196 1483 1518 1540 onsessione
1571 1504 1684 1541 non
1733 1486 1808 1538 sit
1860 1485 2184 1540 neccssaria
2236 1485 2305 1536 de
2330 1485 2460 1537 icto·

824 1574 950 1611 rum
971 1558 1053 1629 ⁴⁹)
1091 1559 1449 1611 enumeratio.
1477 1560 1567 1623 ⁵⁰)
1594 1557 1699 1612 Est
1742 1559 1887 1611 enlm
1933 1554 2293 1625 impossibilis
2330 1572 2461 1610 enu-

824 1629 1056 1684 meratio
1094 1630 1335 1684 omnium
1372 1628 1724 1697 delictorum,
1760 1629 1910 1684 iuxta
1937 1625 2097 1695 illud,
2120 1629 2199 1698 ⁶⁰)
2237 1624 2464 1683 Delicta

824 1702 950 1772 quis
986 1698 1278 1774 intelligit?

1570 1841 1714 1898 xul.

971 1956 1063 2012 De
1107 1973 1215 2012 vsu
1273 1955 1756 2014 sacramentorum
1814 1957 2049 2022 docent,
2102 1954 2465 2012 Sacramenta

825 2029 1077 2084 instituta
1113 2045 1274 2096 esse,
1311 2046 1424 2084 non
1462 2030 1629 2084 modo
1667 2041 1727 2082 vt
1763 2030 1875 2083 sint
1911 2039 2077 2083 notae
2095 2027 2464 2100 professionis

825 2100 969 2156 inter
1006 2100 1280 2169 homines,
1316 2103 1419 2156 sed
1457 2100 1631 2157 multo
1668 2102 1871 2174 magis,
1897 2104 1989 2166 ⁵¹)
2036 2110 2096 2155 vt
2144 2102 2257 2155 sint
2300 2102 2464 2172 signa

826 2181 884 2227 et
929 2173 1248 2228 testimonia
1293 2170 1599 2229 voluntatis
1648 2170 1758 2226 Dei
1803 2190 1941 2246 erga
1987 2188 2119 2242 noS‚
2175 2174 2465 2243 proposita

825 2245 898 2299 ad
936 2245 1287 2300 excitandam
1337 2256 1393 2300 et
1441 2245 1875 2300 confirmandam
1926 2243 2087 2297 fidem
2134 2244 2191 2298 in
2233 2243 2321 2300 his
2370 2245 2464 2316 qui

825 2325 1057 2371 Vtuntur
1104 2318 1321 2381 eis.⁶²)
1396 2316 1592 2390 Itaque
1650 2318 1914 2371 Vtendum
1960 2325 2049 2369 est
2086 2315 2464 2371 sacramentis

824 2388 924 2456 ita,
962 2397 1024 2442 vt
1062 2388 1300 2443 accedat
1337 2388 1478 2442 fides
1503 2392 1592 2455 ⁶³)
1647 2405 1793 2461 quae
1841 2388 2034 2442 credat
2079 2390 2464 2459 promissioni-

825 2460 957 2526 bus,
994 2475 1138 2531 quae
1175 2477 1277 2531 per
1297 2460 1665 2516 Sacramenta
1703 2459 2033 2514 exhibentur
2069 2470 2126 2514 et
2163 2463 2461 2516 ostendun-

824 2542 933 2586 tur.
957 2534 1035 2597 ⁶⁴)
1073 2530 1196 2586 Hac
1252 2531 1361 2586 fide
1426 2534 1728 2601 accipimus
1796 2531 2131 2602 promissam
2208 2535 2463 2606 gratiam,

825 2620 992 2675 quam
1021 2603 1422 2711 5⁴Sacramenta
1483 2602 1829 2677 significant,
1895 2613 1952 2658 et
2015 2604 2268 2675 spiritum
2333 2621 2463 2660 sau-

826 2685 994 2731 ctum.
1088 2680 1112 2734 )

972 2749 1063 2813 ⁵⁵)
1082 2745 1362 2802 Damnant
1379 2745 1396 2800 i
1439 2746 1549 2802 itur
1564 2746 1944 2803 Pharisaicam
1962 2748 2296 2820 opinionem,
2315 2765 2463 2821 quae

825 2819 1011 2874 obruit
1045 2819 1354 2874 doctrinam
1432 2837 1463 2874 e
1500 2820 1638 2886 fide,
1688 2836 1797 2875 nec
1843 2821 2011 2874 docet
2046 2820 2214 2876 fidem
2256 2821 2313 2876 in
2355 2837 2461 2877 vsu

826 2890 1314 2947 sacramentorum
1352 2893 1576 2964 requiri,
1613 2907 1759 2963 quae
1796 2892 1994 2947 credat
2027 2904 2259 2964 propter
2302 2891 2461 2948 Chri·

827 2971 974 3017 stum
1011 2963 1178 3016 nobis
1216 2963 1450 3036 gratiam
1497 2963 1634 3017 dari.
1709 2963 1825 3018 Sed
1870 2962 2031 3036 fingit
2075 2963 2331 3022 homines
2380 2966 2460 3019 iu-

827 3042 954 3087 stos
992 3049 1125 3088 esse
1159 3045 1390 3105 propter
1424 3050 1587 3090 vsum
1637 3034 2124 3091 Sacramentomm
2173 3052 2246 3091 ex
2288 3054 2462 3110 opere

828 3116 1097 3177 operato,
1132 3115 1191 3162 et
1224 3106 1446 3179 quidem
1481 3107 1605 3162 sine
1638 3108 1788 3162 bono
1826 3115 1982 3163 motu
2015 3110 2297 3166 vtentium.
2318 3112 2398 3177 ⁸⁵)

1555 3277 1727 3334 xlm.

969 3393 1058 3447 De
1102 3391 1317 3447 Ordine
1360 3390 1767 3449 Ecclesiastico
1821 3395 2057 3461 docent,
2101 3396 2252 3467 quod
2298 3395 2461 3452 nemo

823 3464 1029 3519 debeat
1063 3464 1120 3519 in
1151 3461 1411 3519 Ecclesia
1440 3462 1664 3535 publice
1709 3467 1915 3523 docere
1953 3476 2048 3522 aut
2096 3468 2462 3525 Sacramenta

822 3709 902 3766 47)
931 3707 1056 3764 xm
1090 3708 1328 3761 Aniculae,
1357 3710 1433 3764 qna·
1456 3709 1502 3750 ἰη
1528 3709 1669 3753 Edttt.
1698 3711 1742 3753 3.
1762 3711 1806 3754 4.
1837 3709 2167 3757 mamm
2193 3712 2298 3758 ΧΠ.
2327 3712 2462 3768 habet,

937 3768 983 3809 t'n
1012 3767 1148 3809 Editt.
1184 3769 1222 3808 1.
1252 3767 1294 3811 2.
1327 3781 1493 3809 numero
1520 3767 1604 3811 x1.
1635 3768 1824 3824 at'qnataa
1853 3776 1925 3813 ed.
2414 3786 2434 3797 ’-

822 3839 902 3894 48)
929 3837 1218 3939 fConii'essione
1246 3837 1541 3896 peccatorum]
1571 3840 1634 3883 εἰσ
1661 3838 1801 3884 Editt.
1833 3839 1876 3886 3.
1907 3842 1976 3895 4.;
2005 3842 2145 3887 ledia.
2177 3844 2219 3885 1.
2250 3844 2314 3889 2:
2353 3857 2460 3889 con-

949 3909 1016 3940 us
1036 3909 1122 3939 one

817 3967 898 4023 49)
929 3967 1204 4026 delictorum]
1235 3969 1298 4011 εἰσ
1325 3968 1463 4011 Editt.
1496 3967 1539 4010 3.
1558 3971 1627 4025 4.;
1657 3967 1794 4014 Editt.
1826 3971 1867 4013 1.
1883 3971 1947 4013 2:
1978 3973 2172 4015 omnium
2201 3972 2459 4016 delictorum

816 4037 897 4093 50)
927 4038 1008 4080 Est
1037 4042 1150 4082 enim
1179 4041 1458 4095 impossibilis
1486 4062 1544 4073 --
1573 4043 1697 4085 iuxta
1724 4042 1869 4095 illud‚]
1898 4043 1961 4085 εἰσ
1988 4042 2123 4086 Editt.
2155 4043 2199 4087 3.
2229 4045 2291 4096 4.;
2319 4045 2459 4088 Editt.

933 4099 974 4138 1.
1007 4098 1073 4141 2:
1102 4098 1183 4138 Est
1213 4100 1328 4140 enim
1356 4100 1638 4153 impossibilia
1666 4102 1791 4143 iuxta
1818 4101 2052 4144 Psalmum.

815 4168 895 4222 51)
925 4168 1062 4210 multo
1092 4167 1266 4228 magis,]
1297 4173 1359 4213 εἰσ
1386 4170 1527 4213 Edltt.
1558 4171 1601 4214 3.
1629 4173 1695 4223 4.;
1726 4172 1862 4213 Editt.
1893 4174 1934 4216 1.
1967 4173 2031 4214 2:
2061 4175 2203 4228 magia

813 4241 894 4297 ⁶2)
924 4242 1155 4339 pcrzposita
1191 4242 1248 4283 ad
1285 4243 1558 4312 excitandam
1594 4273 1608 4286 .
1642 4272 1654 4284 .
1688 4275 1698 4286 .
1739 4243 1786 4285 in
1823 4244 1894 4316 bis
1925 4247 1997 4300 qui
2036 4251 2214 4288 vtuntur
2253 4246 2352 4303 eim]
2394 4247 2459 4289 εἰσ

929 4300 1430 4412 ’ωὲἱὶτῖὅὺῐέὲᾈεξὲηι
1465 4302 1505 4342 1.
1536 4302 1603 4343 2..
1644 4301 1703 4343 ad
1740 4304 2014 4345 excitandam
2044 4333 2056 4345 .
2088 4332 2101 4346 .

811 4424 893 4484 53)
924 4429 1107 4471 accedat
1136 4427 1264 4485 fida]
1298 4430 1361 4472 εἰσ
1387 4430 1526 4473 Editt.
1558 4431 1601 4474 3.
1630 4430 1698 4484 4.;
1727 4431 1867 4477 Editt.
1901 4433 1941 4475 1.
1972 4432 2036 4475 2:
2066 4432 2177 4475 fides
2205 4433 2404 4486 accedat,

811 4499 897 4557 ⁶4)
927 4501 1025 4543 Hac
1054 4500 1143 4542 fide
1173 4502 1409 4556 accipimus
1440 4524 1495 4534 --
1528 4508 1574 4544 et
1599 4503 1799 4559 spiritum
1828 4501 2060 4562 unctum]
2097 4501 2200 4550 daec
2233 4505 2280 4549 t'a
2313 4506 2452 4551 Editt.

928 4558 973 4603 3.
1003 4559 1047 4601 4.
1079 4558 1233 4602 addita
1259 4565 1371 4603 aaut.

811 4645 893 4703 55)
922 4645 1147 4688 Damnnat
1192 4647 1328 4699 igitur
1368 4644 1669 4689 Pharisaieam
1705 4669 1763 4679 —-
1792 4669 1848 4680 -
1888 4647 2008 4689 bono
2045 4655 2171 4691 motu
2209 4649 2454 4705 mutium]

2498 975 2505 1016 l

2498 1188 2510 1735 Ι

2534 832 3001 973 ῙῗὶῗεσῐιρὶἑῆΤίῑο,
3045 844 3108 889 vt
3149 832 3206 888 in
3252 834 3570 889 ciuitatibus
3628 849 3731 904 pre
3753 834 3998 905 zbyteros
4046 847 4181 886 con·

2534 924 2565 960 S
2593 926 2606 960 l
2634 923 2705 961 ua
2731 946 2746 961 ο

3292 1031 3427 1087 XV.-

2685 1149 2776 1214 ⁶⁷)
2797 1146 2885 1202 De
2921 1146 3120 1202 ritibus
3157 1144 3608 1214 EcclesiasticiS,
3638 1148 3731 1220 qui
3767 1154 3901 1201 sunt
3935 1144 4183 1202 humana

2537 1219 2836 1277 autoritate
2889 1220 3149 1279 instituti,
3189 1220 3426 1286 docent,
3481 1219 3621 1275 ritus
3674 1215 3805 1273 illos
3862 1219 4181 1273 seruandus

2538 1309 2697 1355 esse,
2735 1293 2827 1362 qui
2867 1293 2990 1345 sine
3027 1301 3262 1361 peccato
3299 1291 3516 1345 seruari
3547 1300 3806 1363 possunt,
3843 1299 3901 1344 et
3940 1290 4013 1344 ad
4033 1298 4181 1345 tran·

2539 1362 2864 1436 quillitatem
2904 1374 2960 1416 et
2999 1364 3202 1416 bonum
3259 1364 3508 1418 ordinem
3554 1364 3608 1417 in
3656 1359 3915 1416 Ecclesia
3965 1363 4179 1416 condu-

2541 1445 2705 1501 cunt,
2750 1445 2810 1489 vt
2855 1444 3044 1489 certae
3090 1433 3290 1500 seriae,
3337 1445 3526 1490 certae
3575 1435 3867 1491 cantiones
3918 1434 4073 1504 piae,
4125 1440 4184 1489 et

2539 1506 2632 1580 alij
2669 1504 2881 1560 similes
2920 1508 3075 1560 ritus.

2685 1579 2801 1634 Sed
2855 1579 2927 1633 de
2979 1577 3090 1632 hoc
3143 1578 3270 1647 ipso
3325 1594 3535 1651 genere
3589 1577 3822 1645 docent,
3876 1593 3991 1631 non
4046 1591 4181 1631 ease

2542 1652 2857 1705 onerandas
2908 1650 3287 1705 conscientias
3333 1650 3754 1720 supersticiosis
3804 1649 4181 1720 opinionibus,

2541 1724 2651 1777 hoc
2707 1731 2823 1789 est,
2869 1739 2985 1776 non
3036 1731 3126 1776 est
3174 1720 3551 1788 sentiendum,
3616 1721 3999 1777 ordinationes
4051 1717 4180 1775 illas

2542 1794 2814 1848 humanas
2869 1809 2999 1847 esse
3054 1794 3327 1847 iusticiam
3387 1810 3575 1848 coram
3621 1791 3776 1857 Deo,
3829 1802 3926 1847 aut
3980 1794 4183 1847 mereri

2541 1867 2925 1921 remissionem
2980 1874 3366 1934 peccatorum,
3420 1874 3516 1919 aut
3571 1863 3756 1919 cultus
3819 1865 4181 1919 necessarios

2540 1954 2673 1993 esse
2709 1938 2782 1991 ad
2821 1939 3094 1991 iusticiam
3140 1934 3468 2010 Euangelij,
3515 1935 3630 1991 Sed
3678 1937 4026 1991 sentiendum
4071 1943 4181 2004 est,

2541 2010 2693 2081 quod
2729 2010 2839 2063 sint
2875 2026 2969 2063 res
3004 2010 3374 2080 adiapltorae‚
3414 2025 3558 2079 quae
3595 2020 3751 2063 extra
3789 2025 3981 2063 casum
4016 2024 4183 2064 scan-

2542 2079 2653 2136 dali
2691 2080 2865 2135 omitti
2902 2082 3141 2152 possint,
3179 2080 3285 2135 Sed
3325 2077 3404 2134 illi
3444 2090 3699 2150 peccant,
3737 2080 3827 2151 qui
3852 2097 3977 2135 cum
4014 2095 4182 2136 scan-

2542 2152 2670 2207 dalo
2709 2169 2805 2206 eas
2843 2150 3080 2217 violant,
3119 2161 3176 2206 vt
3213 2152 3305 2222 qui
3344 2169 3571 2206 suarum
3606 2150 3989 2207 Ecclesiarum
4035 2162 4183 2207 tran-

2544 2221 2873 2296 quillitatem
2910 2236 3120 2278 temere
3157 2225 3504 2293 perturbant,
3543 2234 3651 2277 etc.

2686 2295 3030 2366 Reijciuntur
3074 2296 3244 2367 igitur
3286 2295 3641 2361 traditiones,
3692 2312 3839 2366 quae
3885 2296 4008 2350 sine
4053 2310 4184 2366 pee-

2541 2377 2669 2422 cato
2707 2385 2816 2422 non
2855 2377 3095 2438 possunt
3144 2368 3464 2437 obseruari,
3513 2377 3572 2423 vt
3620 2368 3843 2421 traditio
3891 2367 3961 2420 de
4011 2365 4182 2422 coeli-

2543 2443 2691 2495 batu.
2769 2439 3035 2511 Reijcitur
3085 2450 3140 2492 et
3183 2439 3349 2509 impia
3397 2440 3615 2563 elpinio,
3672 2440 3743 2492 dc
3790 2439 4184 2493 traditionibus

2541 2521 2598 2566 et
2637 2512 2800 2578 votis,
2838 2512 2890 2565 in
2931 2529 3041 2584 qua
3071 2510 3311 2578 fingitur,
3352 2520 3536 2565 cutus
3586 2510 3832 2566 humana
3879 2511 4185 2565 autoritate

2540 2585 2911 2651 excooitatos,
2949 2584 3150 2638 mereri
3189 2582 3574 2637 remissionem
3610 2592 4008 2654 peccatorum,
4048 2596 4186 2636 essa

2539 2627 2955 2711 satisfactiones
2991 2672 3095 2726 pro
3134 2654 3415 2726 peccatiS,
3451 2665 3558 2710 etc.
3633 2653 3958 2708 Cuiusmodi
4003 2649 4184 2708 salsae

2538 2728 2939 2798 persuasiones
2985 2728 3058 2781 de
3098 2728 3277 2791 votiS‚
3326 2725 3398 2780 de
3444 2725 3615 2781 certis
3669 2726 3922 2800 ieiuuijs,
3975 2734 4078 2782 etc.
4125 2724 4186 2780 in

2539 2796 2800 2856 Ecclesia
2834 2801 2908 2855 ab
2945 2799 3188 2855 indoctis
3225 2814 3462 2870 sparsae
3498 2806 3646 2854 sunt.
3670 2800 3747 2863 ⁵⁷)

3282 2952 3438 3010 XVI.

2683 3053 2775 3111 De
2810 3056 2981 3110 rebus
3019 3052 3280 3112 ciuilibus
3317 3055 3540 3122 docent,
3576 3054 3728 3127 quod
3765 3051 4047 3127 legitimae
4091 3070 4184 3108 or·

2542 3128 2855 3183 dinationes
2895 3126 3111 3192 ciuiles,
3149 3128 3261 3181 sint
3300 3129 3449 3182 bona
3489 3144 3667 3197 opera
3703 3136 3761 3180 ct
3796 3126 4185 3182 ordinationes

2539 3200 2681 3267 Dei,
2706 3202 2795 3266 ⁵³)
2848 3201 2994 3253 sicut
3057 3196 3268 3252 Paulus
3325 3206 3583 3255 testatur.
3672 3197 3832 3260 Quae
3894 3206 4026 3252 sunt
4075 3212 4177 3268 po-

2539 3281 2799 3337 testates,
2836 3289 2870 3325 a
2906 3270 3032 3325 Deo
3074 3272 3362 3326 ordinatae
3398 3281 3542 3326 sunt.
3617 3268 3841 3325 Doceat
3875 3269 4066 3342 igitur,
4088 3271 4183 3335 ⁶⁹)

2544 3344 2691 3415 quod
2731 3342 3069 3398 Christianis
3097 3341 3261 3397 liceat
3298 3342 3661 3416 magistratus
3708 3357 3935 3415 gerere,
3960 3342 4051 3407 ⁸⁰)
4090 3356 4182 3394 ex·

2541 3431 2738 3471 creere
2773 3415 2993 3481 iudicia,
3029 3416 3275 3470 iudicare
3312 3432 3405 3470 res
3447 3431 3515 3467 ex
3546 3412 3925 3487 imperatoriis
3961 3423 4016 3466 et
4052 3409 4183 3484 alijs

2539 3488 2935 3557 praesentibus
2990 3484 3237 3557 legibuS,
3306 3486 3581 3558 supplicia
3641 3487 3761 3542 iure
3819 3484 4182 3550 constituere,
4254 3508 4267 3517 -

2539 3561 2660 3614 iure
2694 3556 2927 3623 bellare,
2961 3557 3215 3625 militare,
3254 3556 3382 3630 lege
3418 3557 3779 3623 contrahere,
3818 3566 4011 3611 tenere
4049 3572 4182 3628 pro-

2539 3633 2738 3703 prium,
2757 3631 3134 3684 iusiurandum
3154 3632 3566 3701 postulantibus
3585 3630 3999 3703 magistratibus
4020 3627 4178 3693 dare,

2540 3703 2875 3758 contrahere
2911 3699 3157 3774 legitima
3189 3703 3482 3776 coniugia,
3519 3713 3670 3758 artes
3732 3702 4003 3773 probatas
4042 3697 4183 3773 legi-

2538 3776 2645 3830 bus
2683 3790 2967 3828 exercere.
2993 3778 3087 3841 ⁶¹)

2535 3948 2617 4004 56)
2650 3948 2774 3991 Siout
2812 3954 2856 3989 et
2891 3946 3052 3988 Paulus
3090 3970 3146 3980 -
3184 3947 3463 4003 presbytero·
3505 3944 3771 4002 constituae]
3816 3941 3922 3989 keo
3955 3943 4002 3988 t‘n
4038 3943 4179 3988 Editt.

2651 4006 2695 4047 3.
2727 4006 2770 4047 4.
2801 4005 2952 4048 addita
2979 4010 3086 4047 cunr.

2537 4077 2616 4132 57)
2646 4077 2716 4118 De
2759 4077 2912 4118 ritibus
2958 4077 3305 4129 Ecclesiasticin,
3349 4077 3424 4128 qut
3469 4099 3526 4108 -
3565 4097 3621 4108 --
3663 4074 3720 4118 ab
3762 4074 3952 4117 indoctis
3996 4083 4181 4128 sparsae

2650 4133 2788 4189 aunt]
2818 4134 2881 4176 εἰσ
2907 4140 3017 4176 torua
3056 4133 3125 4176 kt‘c
3152 4139 3237 4177 art.
3276 4135 3321 4175 in
3368 4132 3500 4178 Editt.
3537 4133 3580 4174 3.
3617 4133 3659 4176 4.
3697 4137 3882 4174 nutam
3918 4136 4006 4183 ατς
4040 4131 4178 4173 leuitt.

2654 4194 2693 4233 1.
2726 4192 2793 4234 2:
2825 4191 2895 4233 De
2922 4192 3075 4233 ritibus
3105 4191 3422 4233 Ecclesiasticis
3454 4192 3615 4232 docent
3640 4212 3698 4223 -
3728 4212 3783 4222 —
3815 4196 3859 4231 et
3898 4197 4052 4231 eontra
4088 4188 4174 4230 Eu-

2649 4250 2884 4302 angelinm.
2917 4249 3030 4301 (eide
3058 4261 3189 4304 cupra
3211 4262 3256 4306 p.
3290 4250 3389 4292 280.
3420 4249 3494 4290 lin.
3526 4247 3595 4290 13.
3629 4269 3684 4279 —
3709 4261 3755 4303 p.
3788 4248 3888 4289 281.
3919 4247 3989 4290 liu.
4022 4246 4086 4298 6.)

2133 4333 2144 4347 ·
2176 4305 2223 4346 ¹¹¹
2266 4303 2337 4347 ¹¹5³
2378 4307 2455 4359 ‘1¹²1
2534 4321 2614 4377 58)
2644 4322 2762 4362 bona
2801 4332 2939 4374 opera
2979 4327 3024 4361 et
3059 4320 3364 4363 ordinationes
3404 4319 3527 4373 Dei,]
3563 4319 3626 4361 εἰσ
3662 4317 3801 4361 Editt.
3840 4317 3884 4360 3.
3922 4318 3992 4369 4.;
4035 4317 4179 4361 Edita.

2655 4382 2691 4420 1.
2724 4380 2794 4420 2:
2827 4378 2944 4418 bona
2975 4387 3112 4433 opera
3139 4377 3244 4431 Dei,

2532 4450 2613 4506 59)
2643 4453 2755 4493 sicut
2780 4448 2943 4492 Paulus
2972 4454 3170 4494 testatur.
3200 4472 3256 4483 -
3285 4448 3459 4492 Doceat
3486 4447 3656 4505 igitur-‚J
3684 4445 3786 4491 haee
3812 4448 3859 4489 ia
3886 4447 4023 4490 mitt.
4055 4446 4098 4489 3.
4130 4447 4177 4489 4.

2653 4508 2814 4550 ἰπεεήα
2840 4513 2948 4551 wat.

2528 4579 2614 4637 80)
2641 4579 2917 4633 magistratu·
2957 4574 3148 4637 geme]
3184 4580 3249 4622 εἰσ
3282 4578 3421 4622 Editt.
3460 4578 3505 4621 3.
3542 4578 3609 4631 4.;
3652 4575 3791 4622 mitt.
3832 4578 3873 4620 1.
3915 4577 3984 4621 ΩΑ
4023 4586 4181 4630 gerere

2643 4637 2944 4691 Magistratus,

906 4703 994 4746 -εἰσ
1020 4703 1158 4745 Editt.
1199 4704 1240 4746 3.
1270 4705 1335 4755 4.;
1375 4703 1597 4748 Edita-1.
1641 4706 1710 4749 22
1749 4703 1974 4747 Damnant
2008 4706 2143 4758 igitur
2177 4708 2280 4751 ino·
2308 4731 2367 4741 -
2395 4729 2454 4742 -υ
2493 4716 2499 4748 t
2529 4708 2611 4766 01)
2643 4709 2900 4752 contrahere
2937 4709 3134 4761 legitima
3169 4709 3402 4762 coniugia,
3440 4713 3557 4751 artea
3591 4706 3803 4765 probatas
3841 4705 4012 4760 legibus
4050 4715 4179 4747 exer-

927 4763 1088 4803 remitti
1116 4768 1312 4819 peecata.
1345 4760 1462 4817 (vide
1486 4774 1617 4821 cap-u
1636 4777 1686 4821 p.
1716 4763 1818 4806 2⁸0.
1848 4762 1921 4805 Ra.
1951 4764 2115 4818 4-7.).

2646 4768 2780 4823 aare]
2809 4767 2872 4809 εἰσ
2897 4765 3034 4810 Editt.
3063 4765 3109 4809 3.
3138 4768 3212 4819 4.;
3244 4766 3375 4809 Educ.
3410 4768 3450 4811 1.
3480 4766 3552 4809 tt
3585 4764 3965 4816 ductam
3991 4762 4177 4807 nubea.
