4966 5577
847 568 958 624 415

1603 565 1792 622 PmL.
1828 565 2003 622 MEL.
2040 564 2354 622 SCRIPTA
2387 564 2836 624 DOGMATch
2868 567 2964 622 ET
2996 566 3450 624 SYMBOLIGA.

847 725 1140 794 ordinarijs
1179 724 1572 789 concionibuS,
1609 733 1663 778 et
1701 724 1771 779 de
1817 723 1944 797 alijs
1988 723 2478 779 innumerabilibus

846 799 1036 853 rebuS.
1112 796 1435 851 Huiusmodi
1472 798 1703 869 negotia
1738 797 2240 867 praetermisimus,
2285 805 2349 850 vt
2385 793 2480 850 illa

847 884 990 942 quae
1027 877 1158 923 sunt
1192 869 1248 922 in
1285 866 1392 921 hac
1430 884 1601 922 causa
1636 870 1956 938 praecipua,
1986 868 2228 923 breuiter
2273 884 2478 939 propo·

847 943 958 995 sita

967 977 986 1005 ,
1021 938 1242 994 facilius
1287 941 1561 1011 cognosci
1650 948 1862 994 ossent.
1939 939 2136 1011 Neque
2185 938 2278 994 hic
2328 941 2479 1011 quic-

847 1028 1011 1085 quam
1048 1012 1119 1065 ad
1157 1009 1326 1065 vllius
1362 1019 1617 1066 contutne
1643 1013 1749 1064 iam
1788 1012 1991 1064 dictum
2038 1020 2134 1065 aut
2182 1008 2479 1065 collectum

847 1092 955 1140 est.

1037 1083 1275 1137 Tantum
1322 1098 1389 1136 ea
1444 1083 1675 1136 recitata
1730 1093 1894 1148 sunt,
1952 1099 2095 1154 quae
2148 1083 2482 1137 videbantur

847 1155 1174 1211 necessario
1212 1155 1448 1210 dicenda
1476 1170 1636 1220 esse,
1673 1164 1733 1208 vt
1775 1150 2010 1225 intelligi
2054 1155 2238 1226 possit
2282 1155 2337 1208 in
2383 1155 2483 1207 ‹lo-

847 1228 1027 1283 ctrina
1063 1244 1133 1282 ac
1171 1225 1522 1297 ceremonijs,
1560 1243 1594 1279 a
1633 1226 1708 1279 ud
1743 1242 1850 1280 nos
1878 1224 2018 1280 nihil
2054 1241 2184 1280 esse
2202 1236 2484 1297 receptum

849 1309 1053 1355 contra
1088 1299 1423 1369 scripturam
1459 1305 1556 1353 aut

1642 1295 1908 1352 cclesiam
1953 1296 2317 1362 catholicam,
2354 1298 2485 1369 quia

847 1370 1198 1427 manifestum
1236 1379 1343 1436 est,
1380 1387 1487 1425 nos
1526 1367 1942 1441 diligentissime
1977 1370 2231 1435 cauisse,
2268 1385 2340 1423 ne
2375 1386 2487 1440 qua

847 1459 1000 1498 noua
1036 1450 1092 1496 et
1137 1442 1302 1514 impia
1348 1442 1609 1514 dogmata
1655 1443 1711 1495 in
1758 1439 2046 1497 Ecclesias
2095 1449 2323 1496 nostras
2369 1457 2487 1494 ser-

847 1525 1058 1588 petent.

994 1586 1116 1640 Hos
1152 1583 1426 1640 articulos
1472 1600 1645 1655 supra
1688 1585 1964 1654 scriptos,
2012 1583 2292 1640 voluimus
2342 1580 2489 1643 exhi-

846 1659 987 1721 bere
1023 1658 1174 1711 iuxta
1203 1658 1443 1711 edictum
1482 1654 1548 1710 C.
1583 1654 1661 1709 M.
1699 1657 1755 1710 in
1803 1657 2004 1728 quibus
2053 1653 2339 1710 confessio
2387 1670 2487 1709 no·

846 1739 968 1784 stra
1005 1738 1240 1794 extaret,
1275 1735 1331 1782 et
1367 1744 1558 1783 eorum
1585 1729 1678 1800 qui
1717 1729 1864 1798 apud
1901 1744 2008 1782 nos
2047 1729 2252 1782 docent
2288 1726 2487 1782 doctri-

1009 1818 1223 1856 summa
1277 1809 1616 1857 cerneretur.
1702 1800 1765 1855 Si
1822 1800 1954 1873 quid
2003 1799 2060 1855 in
2109 1800 2218 1856 hac
2267 1797 2487 1855 conses-

963 2046 1188 2099 exercitia,
1239 2046 1405 2100 species
1450 2057 1557 2086 uero
1606 2056 1722 2100 quae
1768 2050 1864 2086 erat
1908 2046 2180 2098 ceremonia,
2225 2045 2363 2086 libera
2405 2050 2484 2086 est.

962 2104 1072 2146 Ideo
1102 2116 1193 2146 non
1220 2104 1493 2144 retinuerunt
1521 2103 1727 2156 Apostoli
1766 2103 1995 2156 septimum
2035 2104 2172 2155 diem,
2211 2102 2291 2144 sed
2326 2102 2487 2144 malue-

962 2169 1064 2203 runt
1090 2163 1157 2202 uti
1186 2161 1342 2214 primo,
1371 2167 1419 2201 ut
1448 2165 1494 2201 et
1523 2160 1579 2201 de
1606 2160 1811 2202 libertate
1843 2165 1888 2201 et
1915 2160 1972 2202 de
2002 2160 2319 2202 resurrectione
2357 2160 2485 2202 Chri-

961 2221 1017 2262 sti
1047 2220 1143 2274 pios
1172 2219 1471 2261 admonerent.

1019 2291 1087 2332 Ea
1125 2303 1237 2345 quae
1273 2290 1563 2345 obijciuntur,
1601 2289 1729 2331 facile
1769 2290 1879 2332 dilui
1919 2293 2113 2343 possunt.
2173 2289 2488 2344 Apostolorum

965 2348 1196 2400 decretum,
1227 2348 1282 2389 de
1310 2346 1574 2400 Idolothytis
1616 2354 1662 2388 et
1698 2348 1968 2389 scortatione
2004 2355 2072 2389 est
2108 2349 2273 2389 morale
2310 2353 2354 2388 et
2391 2360 2489 2401 per-

965 2412 1156 2460 petuum.
1217 2403 1349 2455 Quod
1377 2411 1524 2446 autem
1553 2403 1818 2447 addiderunt
1846 2405 1901 2446 de
1930 2406 2145 2457 sanguine
2184 2413 2230 2446 et
2257 2405 2490 2457 suffocato,

965 2463 1162 2505 scandali
1192 2464 1320 2513 ratio,
1349 2474 1403 2503 eo
1436 2469 1646 2515 tempore,
1676 2461 1829 2503 habita
1858 2468 1939 2513 est,
1968 2461 2083 2504 Nam
2111 2474 2206 2503 mos
2234 2469 2332 2503 erat
2359 2465 2491 2504 etiam

964 2527 1065 2562 ante
1093 2520 1350 2573 Apostolos,
1379 2526 1428 2561 ut
1457 2520 1610 2561 domiti
1640 2531 1669 2561 a
1694 2519 1870 2561 Iudaeis
1907 2520 2176 2561 abstinerent
2211 2531 2241 2561 a
2278 2521 2491 2574 sanguine

967 2584 1012 2618 et
1038 2576 1269 2621 suffocato.
1314 2576 1440 2619 Nihil
1468 2578 1604 2630 igitur
1632 2577 1738 2619 noui
1768 2578 1985 2620 adiunctis
2013 2578 2072 2618 ad
2095 2578 2350 2620 societatem
2368 2590 2492 2619 suam

964 2636 1268 2690 imponebant,
1306 2634 1385 2675 sed
1425 2636 1632 2676 usitatum
1671 2635 1804 2675 ritum
1841 2641 2032 2676 ueterem
2071 2640 2117 2676 et
2153 2641 2325 2688 gratum
2361 2636 2492 2678 utris·

965 2705 1063 2746 que,
1092 2692 1267 2734 Iudaeis
1296 2691 1382 2746 piis
1412 2692 1454 2732 ei
1484 2694 1629 2746 socijs,
1658 2692 1851 2733 nondum
1879 2699 2115 2733 mutarunt.

973 2774 977 2778 '
1023 2770 1155 2821 Quod
1202 2770 1398 2813 Christus
1442 2770 1519 2812 ait.
1585 2770 1744 2812 Adhuc
1788 2771 1927 2812 multa
1968 2771 2096 2814 uobis
2142 2770 2289 2812 dicere
2330 2770 2493 2824 habeo,

965 2836 1083 2871 certe
1112 2841 1203 2871 non
1235 2830 1291 2871 de
1321 2828 1515 2871 futilibus
1547 2826 1804 2883 cefimonijs
1832 2828 2094 2871 Pontificum
2128 2828 2371 2880 intellexit,
2404 2841 2492 2870 nec

964 2887 1022 2927 de
1060 2889 1189 2928 nouis
1232 2887 1427 2928 articulis
1467 2886 1595 2937 fidei,
1639 2886 1720 2927 sed
1759 2886 1814 2927 de
1863 2899 1917 2927 eo
1959 2887 2057 2940 ipso
2099 2886 2349 2940 Euangelio
2395 2887 2493 2927 illu·

964 2945 1161 2995 strando,
1191 2945 1312 2999 quod
1340 2946 1429 2986 iam
1458 2943 1716 2992 tradiderat.
1775 2942 1884 2984 Ideo
1913 2949 2070 2996 postea
2098 2943 2224 2984 addit
2253 2946 2309 2985 de
2340 2942 2489 2986 officio

965 3002 1143 3055 spiritus
1174 3002 1337 3052 sancti,
1365 3013 1458 3042 non
1497 3001 1727 3041 allaturum
1768 3012 1866 3042 esse
1906 3001 2026 3041 aliud
2066 3000 2291 3042 doctrinae
2336 3011 2491 3053 genus,

964 3060 1044 3101 sed
1073 3060 1171 3100 luce
1200 3071 1280 3100 sua
1307 3057 1583 3112 perfusumm
1621 3062 1787 3098 mentes
1825 3057 2167 3112 Apostolorum,
2205 3063 2254 3099 ut
2290 3056 2490 3112 Euange-

963 3116 1071 3157 lium
1100 3115 1155 3157 de
1184 3117 1413 3157 uoluntate
1442 3115 1529 3157 Dei
1558 3115 1645 3156 iam
1676 3115 1881 3155 traditum
1921 3115 2229 3167 intelligerent.
2288 3116 2397 3157 Ideo
2429 3117 2493 3157 ait

962 3171 1086 3214 Ioan.
1119 3174 1187 3216 14.
1218 3172 1302 3214 Ille
1332 3185 1413 3213 uos
1453 3171 1631 3213 docebit
1667 3173 1839 3223 omnia,
1870 3178 1916 3213 et
1944 3173 2118 3226 rediget
2153 3172 2281 3214 uobis
2320 3174 2367 3213 in
2403 3186 2490 3216 me·

963 3231 1149 3272 moriam
1198 3231 1347 3272 omnia
1389 3241 1502 3284 quae
1553 3230 1648 3272 dixi
1686 3229 1829 3272 uobis.
1888 3229 2024 3282 Item,
2068 3230 2174 3272 Non
2217 3230 2421 3285 loquetur
2463 3242 2491 3274 a

963 3288 1125 3342 seipso,
1154 3287 1234 3330 sed
1262 3300 1374 3343 quae
1403 3287 1541 3340 audit,
1569 3287 1786 3341 loquetur·

1023 3366 1302 3422 Obijciuntur
1331 3362 1387 3407 et‘
1403 3367 1491 3409 arlia
1519 3366 1639 3409 dicta
1666 3378 1779 3421 quae
1807 3366 2080 3421 praecipiunt
2118 3366 2173 3409 de
2214 3366 2486 3412 obedientia.

965 3423 1153 3467 Obedite
1201 3426 1461 3479 praepositis
1519 3424 1694 3467 uestris.
1755 3423 1910 3466 Toties
1951 3425 2257 3478 respondimus
2300 3427 2490 3467 maxime

962 3483 1253 3524 necessa‘riam
1280 3494 1374 3524 esse
1403 3481 1697 3524 obedientiam
1737 3481 1785 3523 in
1823 3483 1878 3536 ijs
1916 3493 2029 3536 quae
2058 3484 2236 3537 propria
2273 3489 2375 3525 sunt
2412 3484 2490 3525 mi-

963 3540 1131 3596 nisterij
1163 3540 1372 3582 diuinitus
1400 3541 1613 3592 mandati,
1641 3537 1757 3580 Nam
1785 3538 1897 3580 haec
1937 3538 2055 3581 dicta
2091 3551 2182 3582 non
2220 3543 2493 3584 constituunt

962 3596 1193 3653 Episcopis
1236 3610 1420 3650 regnum
1464 3604 1591 3639 extra
1632 3596 1939 3650 Euangelium.
2009 3595 2209 3641 Christus
2255 3597 2379 3641 dedit
2427 3599 2490 3639 eis

967 3662 1086 3697 certa
1112 3656 1340 3706 mandata,
1384 3656 1467 3698 His
1497 3655 1618 3697 iubet
1663 3667 1744 3695 nos
1781 3666 1950 3708 parere,
2007 3652 2181 3697 Deinde
2218 3657 2350 3698 etiam
2387 3669 2490 3711 pro-

966 3711 1109 3755 hibuit
1137 3713 1309 3754 institui
1339 3725 1479 3754 nouos
1511 3713 1665 3755 cultus.
1725 3706 1807 3752 His
1838 3717 1958 3753 uetat
1984 3724 2154 3767 parere.
2212 3713 2360 3754 Metae
2388 3719 2493 3757 suut

963 3771 1228 3812 constitutae
1254 3772 1373 3813 intra
1401 3782 1508 3825 quas
1539 3776 1583 3812 et
1612 3770 1824 3813 autoritas
1851 3776 2103 3823 pastorum,
2133 3777 2179 3813 et
2206 3777 2357 3814 nostra
2386 3772 2490 3813 obe-

965 3827 1131 3870 dientia
1160 3829 1398 3871 consistere
1428 3827 1571 3870 debet.
1615 3827 1707 3870 Sed
1735 3825 1818 3869 has
1847 3834 1984 3873 metas
2014 3827 2301 3871 audacissime
2331 3829 2493 3871 tollunt

962 3884 1186 3941 Episcopi,
1213 3887 1289 3942 qui
1317 3886 1534 3940 triplicem
1560 3884 1646 3928 sibi
1683 3890 1898 3937 arrogant
1933 3891 2224 3939 potestatem,
2260 3899 2348 3941 qua
2387 3899 2490 3929 con-

962 3942 1138 3986 firmant
1164 3944 1562 3999 perniciosissimos
1590 3953 1777 3993 errores,
1806 3942 2024 3997 uidelicet,
2052 3942 2239 3998 Regiam
2267 3956 2348 3988 seu
2364 3957 2490 4002 prae-

872 4140 930 4197 4)
957 4142 1252 4203 contusione]
1285 4146 1371 4191 Ed.
1398 4148 1445 4193 8.
1472 4152 1639 4203 typogr-
1668 4154 1833 4188 avom
1866 4145 2147 4188 comestione

4091 567 4204 624 416
4246 530 4251 534 ¹

2565 725 2725 779 sione
2746 728 2795 791 ⁴)
2852 725 3283 792 desiderabitur,
3338 724 3515 796 parati
3565 741 3758 780 sumus
3814 722 4068 780 latiorem
4122 724 4204 779 in·

2560 793 2971 935 ἱιῖἱιὲιιῗίιὲςειιι,
3029 796 3155 851 Deo
3210 793 3460 861 volente,
3525 797 3677 850 iuxta
3741 798 4051 868 scripturas
4106 802 4206 851 ex·

2709 981 3026 1039 Caesareae
3061 979 3278 1037 Maiest.
3319 980 3391 1037 V.

3364 1093 3586 1150 Fideles
3621 1104 3681 1150 et
3715 1095 3939 1151 subditi.

2744 1225 2985 1280 loannes
3022 1224 3135 1280 dux
3171 1224 3450 1280 Saxoniae
3484 1222 3736 1279 Elector:

2744 1296 3023 1370 Georgius
3060 1295 3313 1351 Marchio
3349 1296 3931 1369 Brandenburgensis.

2744 1368 3018 1422 Ernestus
3056 1370 3167 1422 dux
3204 1369 3677 1440 Luneburgensis.

2745 1437 3035 1511 Philippus
3070 1438 3457 1512 Landgrauius
3493 1439 3823 1495 Bessorum.

2745 1510 2987 1565 Ioannes
3023 1511 3341 1567 Fridericus
3381 1513 3494 1567 dux
3531 1511 3828 1568 Saxoniae·

2748 1583 3089 1638 Franciscus
3125 1584 3237 1638 dux
3274 1584 3749 1656 Luneburgensis.

2739 1651 3101 1728 Volfgangus
3125 1659 3175 1724 ὃ)
3212 1654 3483 1726 Princeps
3519 1659 3591 1710 ab
3627 1654 3856 1710 Anhalt.

2748 1726 2993 1782 Senatus
3030 1727 3508 1799 Magistratusque
3541 1727 4017 1800 Nurnbergensis.

2750 1798 2995 1854 Senatus
3032 1796 3470 1872 Reutliugensis.

2685 2042 2845 2085 teriam
2874 2050 3135 2096 potestatem
3163 2043 3516 2098 interpretandae
3545 2043 3801 2097 scripturae,
3831 2043 3990 2086 deiude
4017 2050 4212 2099 potesta-

2686 2108 2772 2141 tem
2801 2100 3059 2144 instituendi
3090 2102 3255 2155 cultus,
3295 2103 3452 2153 tertio,
3491 2099 3673 2155 Regiam
3710 2106 3970 2154 potestatem
4009 2101 4211 2144 ferenda-

2684 2170 2781 2199 rum
2809 2159 2969 2212 legum.
3025 2160 3097 2202 Ita
3125 2160 3440 2201 transformant
3467 2159 3713 2205 Ecclesiam
3738 2161 3785 2201 in
3822 2158 4057 2201 humanam
4092 2160 4210 2215 poli-

2686 2215 2807 2267 tiam,
2844 2218 3161 2271 imaginantur,
3204 2225 3254 2258 ut
3297 2217 3343 2257 in
3387 2227 3540 2269 regno,
3569 2216 3779 2271 Princeps
3823 2224 3901 2259 aut
3935 2217 4095 2260 Pretor
4144 2221 4215 2259 est

2687 2273 2800 2327 legis
2843 2274 3079 2330 interpres,
3127 2280 3171 2316 et
3209 2282 3260 2315 ut
3298 2274 3505 2328 Princeps
3534 2274 3666 2316 habet
3700 2280 3961 2330 potestatem
4000 2273 4214 2317 ferendae

2686 2343 2830 2373 nouae
2859 2333 2991 2385 legis,
3019 2333 3084 2374 ita
3111 2334 3158 2375 iu
3186 2333 3386 2373 Ecclesia
3423 2339 3626 2386 oportere
3665 2332 3850 2374 similem
3890 2345 3985 2374 esse
4023 2333 4212 2387 Episco-

2684 2400 2839 2442 porum
2869 2395 3145 2444 potestatem.
3201 2389 3297 2431 Neo
3325 2390 3483 2431 uolunt
3519 2390 3765 2431 Ecclesiam
3803 2392 3934 2432 mutis
3963 2391 4126 2443 literis,
4161 2395 4216 2431 ut

2689 2446 2855 2498 dicunt,
2885 2447 3201 2501 Prophetarum
3233 2453 3277 2488 et
3304 2447 3621 2501 Apostolorum
3659 2448 3918 2501 gubernari,
3956 2460 4068 2501 quae
4112 2460 4214 2490 cum

2686 2503 2905 2546 interdum
2936 2517 3026 2546 non
3054 2505 3163 2546 satis
3194 2505 3416 2558 explicent
3446 2517 3501 2546 ea
3544 2517 3655 2560 quae
3692 2510 3956 2560 proponunt,
3994 2505 4212 2559 ambigui·

2686 2566 2753 2603 tas
2770 2563 2897 2616 parit
2926 2563 3220 2605 dissensiones
3249 2575 3300 2604 ac
3330 2563 3590 2606 discordias.
3641 2562 3927 2606 contendunt
3955 2564 4086 2616 igitur
4100 2573 4213 2617 opus

2689 2630 2787 2661 esse
2817 2632 2928 2661 uoce
2956 2621 3080 2673 regia
3108 2632 3184 2661 seu
3214 2622 3431 2674 pretoria,
3469 2620 3675 2675 scriptum
3712 2620 3961 2675 ambiguum
3997 2622 4213 2674 interpre-

2689 2680 2826 2719 tante.
2885 2678 2945 2718 Et
2986 2679 3071 2720 nisi
3119 2678 3223 2718 huio
3264 2678 3611 2731 interpretationi
3668 2680 3916 2720 necessario
3969 2678 4215 2733 parendum

2687 2740 2815 2788 esset,
2862 2735 3028 2776 nullum
3074 2735 3171 2776 fore
3219 2737 3614 2777 controuersiarum
3655 2742 3700 2776 et
3742 2736 4022 2777 dissidiorum
4063 2735 4212 2778 linem.

2686 2791 2821 2842 Item,
2851 2793 2950 2835 Nisi
2986 2806 3071 2857 93⁵⁰
3113 2799 3358 2847 temporum
3400 2795 3571 2836 ratione
3615 2794 3735 2847 leges
3782 2794 3972 2836 condere
4016 2798 4216 2848 possent,

2686 2851 2828 2903 qualis
2858 2856 2974 2892 esset
3000 2851 3184 2901 αταξία.
3244 2851 3367 2892 Haec
3395 2851 3541 2892 uerbis
3570 2858 3794 2903 ornantur,
3820 2859 3867 2895 et
3892 2856 3995 2892 sunt
4019 2846 4216 2902 πιθανὰ,

2685 2908 2790 2962 quia
2816 2914 2916 2949 sunt
2944 2909 3133 2950 imitatio
3163 2909 3448 2950 humanarum
3480 2909 3743 2962 politiarum.
3800 2909 3859 2950 Et
3885 2909 3969 2951 hae
3996 2908 4214 2961 imagina-

2686 2966 2830 3007 tiones
2859 2966 3063 3007 omnibus
3092 2967 3306 3007 aetatibus
3339 2967 3442 3007 inde
3473 2978 3607 3020 usque
3638 2967 3693 3008 ab
3725 2967 3853 3008 initio
3885 2966 4036 3008 mundi
4050 2976 4217 3007 nocue-

2684 3027 2790 3064 runt
2823 3022 3075 3073 Ecclesiae,
3114 3030 3158 3064 et
3199 3036 3368 3077 semper
3410 3025 3643 3067 nocebunt.
3703 3024 3811 3066 Ideo
3848 3025 3906 3079 pij
3945 3022 4218 3066 admonendi

2685 3086 2804 3131 sunt,
2834 3092 2891 3122 ne
2921 3080 2991 3122 his
3021 3082 3241 3137 prestigijs
3270 3083 3515 3135 capiantur,
3570 3081 3690 3123 Deus
3719 3082 3814 3123 uult
3840 3081 4084 3122 Ecclesiam
4113 3081 4218 3134 regi

2685 3149 2765 3178 suo
2814 3137 2950 3179 uerbo
2995 3139 3156 3181 tradito
3200 3149 3280 3193 per
3324 3138 3546 3182 Christum
3587 3144 3632 3180 et
3675 3140 3943 3194 Apostolos,
3987 3138 4048 3180 Et
4098 3138 4218 3180 hano

2685 3206 2809 3236 suam
2838 3207 2994 3237 uocem
3023 3196 3117 3237 uult
3154 3207 3314 3237 sonare
3344 3208 3423 3250 per
3450 3197 3686 3240 ministros.
3734 3197 3791 3238 Et
3819 3208 4066 3251 quanquam
4094 3197 4213 3251 sapi-

2686 3254 2850 3294 entiam
2881 3254 3079 3295 continet
3107 3254 3298 3307 positam
3339 3261 3465 3295 extra
3509 3259 3786 3308 conspectum
3820 3256 4032 3307 rationIs,
4066 3259 4219 3296 tamen
4287 3286 4299 3293 .

2685 3310 2783 3364 ipse
2824 3323 2966 3352 sermo
3018 3311 3300 3365 propheticus
3339 3318 3384 3353 et
3423 3313 3711 3364 Apostolicus
3750 3318 3892 3354 certus
3939 3317 4006 3354 est
4040 3316 4087 3352 et
4123 3323 4219 3354 non

2689 3368 2932 3422 ambiguus,
2961 3367 3070 3410 Ideo
3099 3371 3162 3410 ait
3183 3368 3352 3420 Petrus,
3380 3368 3516 3422 Recte
3545 3371 3687 3412 facitis
3717 3370 3991 3412 attendentes
4018 3369 4219 3412 sermoni

2687 3426 2965 3481 prophetico,
3010 3433 3214 3481 tanquam
3258 3427 3465 3467 lucernae
3520 3428 3567 3468 in
3615 3427 3822 3469 tenebris.
3891 3428 4038 3469 Habet
4080 3427 4218 3468 etiam

2685 3484 2887 3526 Ecclesia
2916 3485 3078 3526 donum
3116 3485 3514 3537 interpretationis,
3552 3485 3600 3526 id
3639 3492 3727 3536 cst,
3764 3486 4031 3527 intellectum
4070 3484 4216 3526 coele-

2688 3542 2769 3583 stis
2804 3541 3045 3594 doctrinae,
3074 3543 3165 3586 Sed
3194 3542 3240 3583 id
3269 3542 3433 3591 donum
3462 3555 3552 3583 non
3585 3549 3651 3583 est
3680 3543 3908 3597 alligatum
3936 3543 3994 3584 ad
4023 3541 4216 3596 Episco-

2688 3611 2844 3653 porum
2874 3598 3043 3641 titulum
3073 3606 3150 3642 aut
3187 3598 3410 3650 ordinem,
3447 3599 3555 3640 Ideo
3595 3612 3864 3655 nequaquam
3912 3606 3979 3641 est
4015 3606 4218 3655 potestas

2685 3657 3004 3711 interpretandi
3039 3657 3194 3699 similis
3231 3658 3381 3709 regiae
3431 3663 3477 3698 et
3523 3659 3797 3711 praetoriae,
3846 3658 3926 3699 aed
3969 3657 4130 3699 eruditi
4166 3657 4218 3700 in

2685 3714 2823 3757 uerbo
2852 3715 2955 3763 Dei-
2970 3722 3016 3756 et
3051 3715 3191 3756 renati
3225 3716 3383 3768 spiritu
3418 3721 3571 3758 sancto
3611 3716 3856 3770 ubicunque
3895 3721 4018 3767 sunt,
4055 3715 4218 3757 adsen-

2688 3774 2855 3814 tiuntur
2884 3772 3020 3814 uerbo
3049 3772 3150 3824 Dei,
3179 3778 3225 3814 et
3252 3772 3299 3814 id
3328 3772 3603 3827 intelligunt,
3634 3772 3708 3828 aiij
3740 3774 3906 3827 magis,
3942 3773 4017 3828 aiij
4055 3773 4214 3817 minus.

2686 3830 2811 3884 Ergo
2841 3832 3080 3884 prudenter
3109 3832 3164 3872 de
3192 3830 3280 3871 illis
3311 3831 3440 3871 uallis
3468 3831 3720 3886 pontificiae
3755 3832 3977 3885 potentiae
4015 3830 4216 3873 iudican-

2687 3887 2794 3929 dum
2820 3893 2902 3931 est.
2962 3887 3032 3929 De
3069 3889 3239 3943 legibus
3279 3887 3474 3931 breuiter
3513 3888 3621 3930 dicit
3654 3888 3837 3941 Petrus,
3869 3887 3989 3939 Quid
4033 3889 4216 3931 tentatis

2684 3945 2828 3988 Deum
2859 3948 3131 4001 imponentes
3160 3947 3309 4000 iugum
3337 3952 3425 3991 eto.

2597 4144 2651 4198 ὖ)
2678 4143 2974 4201 Ὑσιίειιιςιιι]
3002 4146 3067 4189 eie
3093 4144 3234 4189 Editt.
3265 4148 3306 4191 1.
3335 4148 3381 4192 2.
3412 4147 3481 4199 8.;
3510 4144 3595 4189 Ed.
3626 4146 3698 4191 4.=
3728 4142 4038 4199 vuolfgangus
