<?xml version="1.0" encoding="UTF-8"?>
<!DOCTYPE html PUBLIC "-//W3C//DTD XHTML 1.0 Transitional//EN"
    "http://www.w3.org/TR/xhtml1/DTD/xhtml1-transitional.dtd">
<html xmlns="http://www.w3.org/1999/xhtml" xml:lang="en" lang="en">
 <head>
  <title>
</title>
<meta http-equiv="Content-Type" content="text/html;charset=utf-8" />
  <meta name='ocr-system' content='tesseract 3.04.00' />
  <meta name='ocr-capabilities' content='ocr_page ocr_carea ocr_par ocr_line ocrx_word'/>
</head>
<body>
  <div class='ocr_page' id='page_1' title='image "./philippimelanth19melagoog_0215.png"; bbox 0 0 4966 5577; ppageno 0'>
   <div class='ocr_carea' id='block_1_1' title="bbox 790 584 2482 3255">
    <p class='ocr_par' dir='ltr' id='par_1_1' title="bbox 825 584 2468 880">
     <span class='ocr_line' id='line_1_1' title="bbox 825 584 938 643; baseline 0 0"><span class='ocrx_word' id='word_1_1' title='bbox 825 584 938 643; x_wconf 75' lang='lat'><strong>4⁰3</strong></span> 
     </span>
     <span class='ocr_line' id='line_1_2' title="bbox 829 736 2468 818; baseline -0.004 -20"><span class='ocrx_word' id='word_1_2' title='bbox 829 751 1060 818; x_wconf 88' lang='lat' dir='ltr'><strong>propter</strong></span> <span class='ocrx_word' id='word_1_3' title='bbox 1116 739 1395 797; x_wconf 81' lang='lat' dir='ltr'><strong>Christum</strong></span> <span class='ocrx_word' id='word_1_4' title='bbox 1417 777 1436 807; x_wconf 93' lang='lat'><strong>,</strong></span> <span class='ocrx_word' id='word_1_5' title='bbox 1490 756 1603 794; x_wconf 87' lang='lat' dir='ltr'><strong>non</strong></span> <span class='ocrx_word' id='word_1_6' title='bbox 1662 749 1893 811; x_wconf 89' lang='lat' dir='ltr'><strong>propter</strong></span> <span class='ocrx_word' id='word_1_7' title='bbox 1938 736 2050 794; x_wconf 81' lang='lat' dir='ltr'><strong>vlla</strong></span> <span class='ocrx_word' id='word_1_8' title='bbox 2112 746 2305 794; x_wconf 88' lang='lat' dir='ltr'><strong>nostra</strong></span> <span class='ocrx_word' id='word_1_9' title='bbox 2354 754 2468 793; x_wconf 88' lang='lat' dir='ltr'><strong>me-</strong></span> 
     </span>
     <span class='ocr_line' id='line_1_3' title="bbox 828 818 1052 880; baseline -0.018 -8"><span class='ocrx_word' id='word_1_10' title='bbox 828 818 952 872; x_wconf 84' lang='lat' dir='ltr'><strong>rita.</strong></span> <span class='ocrx_word' id='word_1_11' title='bbox 976 818 1052 880; x_wconf 82' lang='lat'><strong>⁷⁰)</strong></span> 
     </span>
    </p>

    <p class='ocr_par' dir='ltr' id='par_1_2' title="bbox 830 879 2471 1590">
     <span class='ocr_line' id='line_1_4' title="bbox 978 879 2469 953; baseline -0.003 -13"><span class='ocrx_word' id='word_1_12' title='bbox 978 883 1211 940; x_wconf 78' lang='lat' dir='ltr'><strong>Constat</strong></span> <span class='ocrx_word' id='word_1_13' title='bbox 1246 893 1431 938; x_wconf 90' lang='lat' dir='ltr'><strong>autem</strong></span> <span class='ocrx_word' id='word_1_14' title='bbox 1467 879 1781 938; x_wconf 80' lang='lat' dir='ltr'><strong>Monachus</strong></span> <span class='ocrx_word' id='word_1_15' title='bbox 1818 883 2102 948; x_wconf 80' lang='lat' dir='ltr'><strong>docuisse,</strong></span> <span class='ocrx_word' id='word_1_16' title='bbox 2133 883 2281 953; x_wconf 87' lang='lat' dir='ltr'><strong>qued</strong></span> <span class='ocrx_word' id='word_1_17' title='bbox 2310 879 2469 936; x_wconf 84' lang='lat' dir='ltr'><strong>facti-</strong></span> 
     </span>
     <span class='ocr_line' id='line_1_5' title="bbox 835 955 2469 1030; baseline -0.005 -15"><span class='ocrx_word' id='word_1_18' title='bbox 835 960 957 1015; x_wconf 82' lang='lat' dir='ltr'><strong>ciae</strong></span> <span class='ocrx_word' id='word_1_19' title='bbox 987 957 1291 1030; x_wconf 76' lang='lat' dir='ltr'>religiones</span> <span class='ocrx_word' id='word_1_20' title='bbox 1329 964 1651 1012; x_wconf 76' lang='lat' dir='ltr'><strong>mereantur</strong></span> <span class='ocrx_word' id='word_1_21' title='bbox 1687 955 2071 1009; x_wconf 76' lang='lat' dir='ltr'><strong>remissionem</strong></span> <span class='ocrx_word' id='word_1_22' title='bbox 2108 963 2469 1025; x_wconf 74' lang='lat' dir='ltr'><strong>peccatorum</strong></span> 
     </span>
     <span class='ocr_line' id='line_1_6' title="bbox 832 1026 2469 1099; baseline -0.005 -11"><span class='ocrx_word' id='word_1_23' title='bbox 832 1041 891 1089; x_wconf 90' lang='lat' dir='ltr'><strong>et</strong></span> <span class='ocrx_word' id='word_1_24' title='bbox 946 1030 1420 1093; x_wconf 84' lang='lat' dir='ltr'><strong>iustificationem,</strong></span> <span class='ocrx_word' id='word_1_25' title='bbox 1474 1037 1529 1081; x_wconf 87' lang='lat' dir='ltr'><strong>et</strong></span> <span class='ocrx_word' id='word_1_26' title='bbox 1583 1028 1734 1099; x_wconf 88' lang='lat' dir='ltr'><strong>quod</strong></span> <span class='ocrx_word' id='word_1_27' title='bbox 1788 1043 1893 1098; x_wconf 91' lang='lat' dir='ltr'><strong>pro</strong></span> <span class='ocrx_word' id='word_1_28' title='bbox 1948 1027 2199 1097; x_wconf 87' lang='lat' dir='ltr'><strong>peccatis</strong></span> <span class='ocrx_word' id='word_1_29' title='bbox 2254 1026 2469 1079; x_wconf 71' lang='lat' dir='ltr'><strong>satista-</strong></span> 
     </span>
     <span class='ocr_line' id='line_1_7' title="bbox 832 1094 2469 1170; baseline -0.006 -11"><span class='ocrx_word' id='word_1_30' title='bbox 832 1103 998 1160; x_wconf 85' lang='lat' dir='ltr'><strong>ciant.</strong></span> <span class='ocrx_word' id='word_1_31' title='bbox 1024 1107 1098 1170; x_wconf 73' lang='grc'><strong>71)</strong></span> <span class='ocrx_word' id='word_1_32' title='bbox 1148 1101 1294 1163; x_wconf 85' lang='lat' dir='ltr'><strong>Quid</strong></span> <span class='ocrx_word' id='word_1_33' title='bbox 1332 1098 1441 1154; x_wconf 85' lang='lat' dir='ltr'><strong>hoe</strong></span> <span class='ocrx_word' id='word_1_34' title='bbox 1476 1108 1566 1156; x_wconf 81' lang='lat' dir='ltr'><strong>est</strong></span> <span class='ocrx_word' id='word_1_35' title='bbox 1601 1095 1750 1153; x_wconf 90' lang='lat' dir='ltr'><strong>aliud</strong></span> <span class='ocrx_word' id='word_1_36' title='bbox 1788 1115 1954 1170; x_wconf 85' lang='lat' dir='ltr'><strong>quam</strong></span> <span class='ocrx_word' id='word_1_37' title='bbox 1992 1094 2281 1168; x_wconf 71' lang='lat' dir='ltr'><strong>de,glot·ia</strong></span> <span class='ocrx_word' id='word_1_38' title='bbox 2313 1096 2469 1152; x_wconf 88' lang='lat' dir='ltr'><strong>Chri·</strong></span> 
     </span>
     <span class='ocr_line' id='line_1_8' title="bbox 832 1169 2470 1240; baseline -0.004 -10"><span class='ocrx_word' id='word_1_39' title='bbox 832 1178 907 1230; x_wconf 89' lang='lat' dir='ltr'><strong>sti</strong></span> <span class='ocrx_word' id='word_1_40' title='bbox 960 1175 1256 1229; x_wconf 82' lang='lat' dir='ltr'><strong>detrahere</strong></span> <span class='ocrx_word' id='word_1_41' title='bbox 1312 1179 1367 1225; x_wconf 89' lang='lat' dir='ltr'><strong>et</strong></span> <span class='ocrx_word' id='word_1_42' title='bbox 1422 1173 1759 1235; x_wconf 80' lang='lat' dir='ltr'><strong>obscurare,</strong></span> <span class='ocrx_word' id='word_1_43' title='bbox 1815 1186 1885 1225; x_wconf 87' lang='lat' dir='ltr'><strong>ac</strong></span> <span class='ocrx_word' id='word_1_44' title='bbox 1939 1186 2150 1240; x_wconf 80' lang='lat' dir='ltr'><strong>negare</strong></span> <span class='ocrx_word' id='word_1_45' title='bbox 2198 1169 2470 1224; x_wconf 85' lang='lat' dir='ltr'><strong>iusticiam</strong></span> 
     </span>
     <span class='ocr_line' id='line_1_9' title="bbox 830 1241 2471 1316; baseline -0.005 -14"><span class='ocrx_word' id='word_1_46' title='bbox 830 1247 998 1302; x_wconf 69' lang='lat' dir='ltr'><strong>fidei?</strong></span> <span class='ocrx_word' id='word_1_47' title='bbox 1070 1246 1331 1316; x_wconf 82' lang='lat' dir='ltr'><strong>Sequitur</strong></span> <span class='ocrx_word' id='word_1_48' title='bbox 1386 1243 1554 1314; x_wconf 83' lang='lat' dir='ltr'><strong>igitur</strong></span> <span class='ocrx_word' id='word_1_49' title='bbox 1621 1243 1730 1295; x_wconf 88' lang='lat' dir='ltr'><strong>ista</strong></span> <span class='ocrx_word' id='word_1_50' title='bbox 1783 1249 1919 1312; x_wconf 84' lang='lat' dir='ltr'><strong>vota</strong></span> <span class='ocrx_word' id='word_1_51' title='bbox 1983 1241 2218 1307; x_wconf 81' lang='lat' dir='ltr'><strong>vsitata,</strong></span> <span class='ocrx_word' id='word_1_52' title='bbox 2273 1242 2471 1312; x_wconf 83' lang='lat' dir='ltr'><strong>impios</strong></span> 
     </span>
     <span class='ocr_line' id='line_1_10' title="bbox 835 1310 2470 1386; baseline -0.006 -11"><span class='ocrx_word' id='word_1_53' title='bbox 835 1318 1018 1375; x_wconf 84' lang='lat' dir='ltr'><strong>cultus</strong></span> <span class='ocrx_word' id='word_1_54' title='bbox 1053 1315 1263 1381; x_wconf 69' lang='lat' dir='ltr'><strong>fuisse,</strong></span> <span class='ocrx_word' id='word_1_55' title='bbox 1310 1331 1484 1386; x_wconf 83' lang='lat' dir='ltr'><strong>quare</strong></span> <span class='ocrx_word' id='word_1_56' title='bbox 1533 1324 1665 1369; x_wconf 88' lang='lat' dir='ltr'><strong>sunt</strong></span> <span class='ocrx_word' id='word_1_57' title='bbox 1700 1313 1870 1367; x_wconf 86' lang='lat' dir='ltr'><strong>irrita.</strong></span> <span class='ocrx_word' id='word_1_58' title='bbox 1943 1310 2089 1366; x_wconf 83' lang='lat' dir='ltr'><strong>Nam</strong></span> <span class='ocrx_word' id='word_1_59' title='bbox 2132 1320 2322 1366; x_wconf 85' lang='lat' dir='ltr'><strong>votum</strong></span> <span class='ocrx_word' id='word_1_60' title='bbox 2374 1315 2470 1367; x_wconf 90' lang='lat' dir='ltr'><strong>im-</strong></span> 
     </span>
     <span class='ocr_line' id='line_1_11' title="bbox 832 1381 2471 1465; baseline -0.005 -19"><span class='ocrx_word' id='word_1_61' title='bbox 832 1393 1012 1465; x_wconf 91' lang='lat' dir='ltr'><strong>pium,</strong></span> <span class='ocrx_word' id='word_1_62' title='bbox 1068 1399 1124 1443; x_wconf 89' lang='lat' dir='ltr'><strong>et</strong></span> <span class='ocrx_word' id='word_1_63' title='bbox 1169 1387 1376 1443; x_wconf 81' lang='lat' dir='ltr'><strong>sactum</strong></span> <span class='ocrx_word' id='word_1_64' title='bbox 1423 1394 1623 1441; x_wconf 84' lang='lat' dir='ltr'><strong>contra</strong></span> <span class='ocrx_word' id='word_1_65' title='bbox 1670 1385 1932 1440; x_wconf 85' lang='lat' dir='ltr'><strong>mandata</strong></span> <span class='ocrx_word' id='word_1_66' title='bbox 1985 1382 2092 1437; x_wconf 89' lang='lat' dir='ltr'><strong>Dei</strong></span> <span class='ocrx_word' id='word_1_67' title='bbox 2148 1401 2259 1438; x_wconf 87' lang='lat' dir='ltr'><strong>non</strong></span> <span class='ocrx_word' id='word_1_68' title='bbox 2300 1381 2471 1450; x_wconf 85' lang='lat' dir='ltr'><strong>valet,</strong></span> 
     </span>
     <span class='ocr_line' id='line_1_12' title="bbox 832 1454 2470 1535; baseline -0.005 -16"><span class='ocrx_word' id='word_1_69' title='bbox 832 1479 1016 1535; x_wconf 88' lang='lat' dir='ltr'><strong>neque</strong></span> <span class='ocrx_word' id='word_1_70' title='bbox 1052 1462 1194 1517; x_wconf 91' lang='lat' dir='ltr'><strong>enim</strong></span> <span class='ocrx_word' id='word_1_71' title='bbox 1234 1460 1400 1515; x_wconf 87' lang='lat' dir='ltr'><strong>debet</strong></span> <span class='ocrx_word' id='word_1_72' title='bbox 1434 1465 1624 1513; x_wconf 80' lang='lat' dir='ltr'><strong>votum</strong></span> <span class='ocrx_word' id='word_1_73' title='bbox 1663 1454 1943 1512; x_wconf 80' lang='lat' dir='ltr'><strong>vinculum</strong></span> <span class='ocrx_word' id='word_1_74' title='bbox 1983 1471 2112 1510; x_wconf 86' lang='lat' dir='ltr'><strong>esse</strong></span> <span class='ocrx_word' id='word_1_75' title='bbox 2147 1456 2470 1526; x_wconf 85' lang='lat' dir='ltr'><strong>iniquitatis,</strong></span> 
     </span>
     <span class='ocr_line' id='line_1_13' title="bbox 832 1531 1318 1590; baseline -0.019 1"><span class='ocrx_word' id='word_1_76' title='bbox 832 1544 894 1590; x_wconf 86' lang='lat' dir='ltr'><strong>vt</strong></span> <span class='ocrx_word' id='word_1_77' title='bbox 932 1532 1129 1589; x_wconf 85' lang='lat' dir='ltr'><strong>Canon</strong></span> <span class='ocrx_word' id='word_1_78' title='bbox 1169 1531 1318 1585; x_wconf 89' lang='lat' dir='ltr'><strong>dicit.</strong></span> 
     </span>
    </p>

    <p class='ocr_par' dir='ltr' id='par_1_3' title="bbox 831 1598 2476 2106">
     <span class='ocr_line' id='line_1_14' title="bbox 978 1598 2472 1670; baseline -0.005 -10"><span class='ocrx_word' id='word_1_79' title='bbox 978 1602 1191 1660; x_wconf 79' lang='lat' dir='ltr'><strong>Paulus</strong></span> <span class='ocrx_word' id='word_1_80' title='bbox 1231 1602 1378 1655; x_wconf 83' lang='lat' dir='ltr'><strong>dicit.</strong></span> <span class='ocrx_word' id='word_1_81' title='bbox 1452 1598 1726 1654; x_wconf 86' lang='lat' dir='ltr'><strong>Euacuati</strong></span> <span class='ocrx_word' id='word_1_82' title='bbox 1763 1601 1899 1654; x_wconf 83' lang='lat' dir='ltr'><strong>estis</strong></span> <span class='ocrx_word' id='word_1_83' title='bbox 1938 1616 1973 1654; x_wconf 92' lang='lat' dir='ltr'><strong>a</strong></span> <span class='ocrx_word' id='word_1_84' title='bbox 2009 1598 2237 1654; x_wconf 84' lang='lat' dir='ltr'><strong>Christo</strong></span> <span class='ocrx_word' id='word_1_85' title='bbox 2287 1599 2379 1670; x_wconf 85' lang='lat' dir='ltr'><strong>qui</strong></span> <span class='ocrx_word' id='word_1_86' title='bbox 2415 1599 2472 1652; x_wconf 88' lang='lat' dir='ltr'><strong>in</strong></span> 
     </span>
     <span class='ocr_line' id='line_1_15' title="bbox 831 1670 2473 1756; baseline -0.007 -22"><span class='ocrx_word' id='word_1_87' title='bbox 831 1677 962 1750; x_wconf 84' lang='lat' dir='ltr'><strong>lege</strong></span> <span class='ocrx_word' id='word_1_88' title='bbox 998 1674 1383 1741; x_wconf 75' lang='lat' dir='ltr'><strong>iusssficamini,</strong></span> <span class='ocrx_word' id='word_1_89' title='bbox 1419 1689 1454 1726; x_wconf 84' lang='lat' dir='ltr'><strong>a</strong></span> <span class='ocrx_word' id='word_1_90' title='bbox 1491 1671 1669 1744; x_wconf 82' lang='lat' dir='ltr'><strong>gratia</strong></span> <span class='ocrx_word' id='word_1_91' title='bbox 1706 1670 2013 1738; x_wconf 74' lang='lat' dir='ltr'><strong>excidistiS,</strong></span> <span class='ocrx_word' id='word_1_92' title='bbox 2039 1674 2111 1738; x_wconf 77' lang='lat'><strong>⁷²)</strong></span> <span class='ocrx_word' id='word_1_93' title='bbox 2141 1672 2200 1725; x_wconf 89' lang='lat' dir='ltr'><strong>Id</strong></span> <span class='ocrx_word' id='word_1_94' title='bbox 2237 1679 2343 1735; x_wconf 85' lang='lat' dir='ltr'><strong>est,</strong></span> <span class='ocrx_word' id='word_1_95' title='bbox 2380 1671 2473 1756; x_wconf 72' lang='lat' dir='ltr'><strong>qui</strong></span> 
     </span>
     <span class='ocr_line' id='line_1_16' title="bbox 833 1743 2473 1820; baseline -0.007 -15"><span class='ocrx_word' id='word_1_96' title='bbox 833 1750 1081 1807; x_wconf 86' lang='lat' dir='ltr'><strong>sentiunt</strong></span> <span class='ocrx_word' id='word_1_97' title='bbox 1118 1746 1267 1820; x_wconf 83' lang='lat' dir='ltr'><strong>quod</strong></span> <span class='ocrx_word' id='word_1_98' title='bbox 1312 1753 1635 1800; x_wconf 84' lang='lat' dir='ltr'><strong>mereantur</strong></span> <span class='ocrx_word' id='word_1_99' title='bbox 1675 1743 1919 1815; x_wconf 85' lang='lat' dir='ltr'><strong>proprijs</strong></span> <span class='ocrx_word' id='word_1_100' title='bbox 1969 1744 2234 1814; x_wconf 74' lang='lat' dir='ltr'><strong>operibus</strong></span> <span class='ocrx_word' id='word_1_101' title='bbox 2285 1758 2473 1795; x_wconf 83' lang='lat' dir='ltr'><strong>renus·</strong></span> 
     </span>
     <span class='ocr_line' id='line_1_17' title="bbox 834 1815 2474 1890; baseline -0.006 -13"><span class='ocrx_word' id='word_1_102' title='bbox 834 1825 1051 1877; x_wconf 86' lang='lat' dir='ltr'><strong>sionem</strong></span> <span class='ocrx_word' id='word_1_103' title='bbox 1115 1828 1500 1890; x_wconf 84' lang='lat' dir='ltr'><strong>peccatorum,</strong></span> <span class='ocrx_word' id='word_1_104' title='bbox 1557 1824 1614 1870; x_wconf 90' lang='lat' dir='ltr'><strong>et</strong></span> <span class='ocrx_word' id='word_1_105' title='bbox 1677 1815 1826 1887; x_wconf 84' lang='lat' dir='ltr'><strong>quod</strong></span> <span class='ocrx_word' id='word_1_106' title='bbox 1898 1829 2128 1885; x_wconf 86' lang='lat' dir='ltr'><strong>propter</strong></span> <span class='ocrx_word' id='word_1_107' title='bbox 2194 1816 2474 1885; x_wconf 81' lang='lat' dir='ltr'><strong>propriam</strong></span> 
     </span>
     <span class='ocr_line' id='line_1_18' title="bbox 832 1883 2475 1966; baseline -0.006 -16"><span class='ocrx_word' id='word_1_108' title='bbox 832 1894 978 1966; x_wconf 81' lang='lat' dir='ltr'><strong>legis</strong></span> <span class='ocrx_word' id='word_1_109' title='bbox 1017 1889 1386 1961; x_wconf 68' lang='lat' dir='ltr'><strong>impletionem</strong></span> <span class='ocrx_word' id='word_1_110' title='bbox 1422 1884 1682 1958; x_wconf 80' lang='lat' dir='ltr'><strong>placeant</strong></span> <span class='ocrx_word' id='word_1_111' title='bbox 1716 1883 1863 1955; x_wconf 87' lang='lat' dir='ltr'><strong>Dee,</strong></span> <span class='ocrx_word' id='word_1_112' title='bbox 1900 1904 2006 1940; x_wconf 90' lang='lat' dir='ltr'><strong>nec</strong></span> <span class='ocrx_word' id='word_1_113' title='bbox 2043 1887 2287 1941; x_wconf 82' lang='lat' dir='ltr'><strong>sentiunt</strong></span> <span class='ocrx_word' id='word_1_114' title='bbox 2324 1884 2475 1956; x_wconf 83' lang='lat' dir='ltr'><strong>quod</strong></span> 
     </span>
     <span class='ocr_line' id='line_1_19' title="bbox 833 1958 2476 2039; baseline -0.005 -20"><span class='ocrx_word' id='word_1_115' title='bbox 833 1974 1063 2039; x_wconf 86' lang='lat' dir='ltr'><strong>propter</strong></span> <span class='ocrx_word' id='word_1_116' title='bbox 1102 1961 1383 2017; x_wconf 79' lang='lat' dir='ltr'><strong>Christum</strong></span> <span class='ocrx_word' id='word_1_117' title='bbox 1423 1960 1597 2030; x_wconf 81' lang='lat' dir='ltr'><strong>gratis</strong></span> <span class='ocrx_word' id='word_1_118' title='bbox 1633 1960 1912 2028; x_wconf 87' lang='lat' dir='ltr'><strong>accipiunt</strong></span> <span class='ocrx_word' id='word_1_119' title='bbox 1948 1958 2057 2013; x_wconf 73' lang='lat' dir='ltr'><strong>fiale</strong></span> <span class='ocrx_word' id='word_1_120' title='bbox 2096 1960 2355 2012; x_wconf 83' lang='lat' dir='ltr'><strong>donatam</strong></span> <span class='ocrx_word' id='word_1_121' title='bbox 2391 1974 2476 2011; x_wconf 90' lang='lat' dir='ltr'><strong>re·</strong></span> 
     </span>
     <span class='ocr_line' id='line_1_20' title="bbox 832 2028 2475 2106; baseline -0.006 -15"><span class='ocrx_word' id='word_1_122' title='bbox 832 2037 1156 2092; x_wconf 73' lang='lat' dir='ltr'><strong>missionem</strong></span> <span class='ocrx_word' id='word_1_123' title='bbox 1195 2041 1554 2106; x_wconf 83' lang='lat' dir='ltr'><strong>peccatorum</strong></span> <span class='ocrx_word' id='word_1_124' title='bbox 1593 2047 1696 2102; x_wconf 85' lang='lat' dir='ltr'><strong>per</strong></span> <span class='ocrx_word' id='word_1_125' title='bbox 1741 2030 2178 2086; x_wconf 77' lang='lat' dir='ltr'><strong>misericordiam</strong></span> <span class='ocrx_word' id='word_1_126' title='bbox 2231 2028 2371 2094; x_wconf 81' lang='lat' dir='ltr'><strong>Dei,</strong></span> <span class='ocrx_word' id='word_1_127' title='bbox 2419 2036 2475 2082; x_wconf 89' lang='lat' dir='ltr'><strong>et</strong></span> 
     </span>
    </p>

    <p class='ocr_par' dir='ltr' id='par_1_4' title="bbox 877 2100 2475 2179">
     <span class='ocr_line' id='line_1_21' title="bbox 877 2100 2475 2179; baseline -0.004 -17"><span class='ocrx_word' id='word_1_128' title='bbox 877 2110 986 2162; x_wconf 88' lang='lat' dir='ltr'><strong>uod</strong></span> <span class='ocrx_word' id='word_1_129' title='bbox 1018 2116 1249 2179; x_wconf 87' lang='lat' dir='ltr'><strong>propter</strong></span> <span class='ocrx_word' id='word_1_130' title='bbox 1288 2103 1569 2157; x_wconf 63' lang='lat' dir='ltr'><strong>Christum</strong></span> <span class='ocrx_word' id='word_1_131' title='bbox 1609 2100 1869 2173; x_wconf 79' lang='lat' dir='ltr'><strong>placeant</strong></span> <span class='ocrx_word' id='word_1_132' title='bbox 1918 2101 2073 2169; x_wconf 87' lang='lat' dir='ltr'><strong>Deo,</strong></span> <span class='ocrx_word' id='word_1_133' title='bbox 2121 2103 2179 2156; x_wconf 89' lang='lat' dir='ltr'><strong>hi</strong></span> <span class='ocrx_word' id='word_1_134' title='bbox 2223 2104 2475 2156; x_wconf 75' lang='lat' dir='ltr'><strong>atxiittunt</strong></span> 
     </span>
    </p>

    <p class='ocr_par' dir='ltr' id='par_1_5' title="bbox 790 2173 2482 3255">
     <span class='ocr_line' id='line_1_22' title="bbox 884 2173 2476 2265; baseline -0.006 -29"><span class='ocrx_word' id='word_1_135' title='bbox 884 2181 1151 2245; x_wconf 87' lang='lat' dir='ltr'><strong>hristum,</strong></span> <span class='ocrx_word' id='word_1_136' title='bbox 1208 2178 1338 2265; x_wconf 68' lang='lat' dir='ltr'><strong>quia</strong></span> <span class='ocrx_word' id='word_1_137' title='bbox 1393 2175 1650 2229; x_wconf 74' lang='lat' dir='ltr'><strong>fiduciam</strong></span> <span class='ocrx_word' id='word_1_138' title='bbox 1700 2175 1938 2227; x_wconf 85' lang='lat' dir='ltr'><strong>debitam</strong></span> <span class='ocrx_word' id='word_1_139' title='bbox 1976 2173 2204 2229; x_wconf 88' lang='lat' dir='ltr'><strong>Christo</strong></span> <span class='ocrx_word' id='word_1_140' title='bbox 2252 2183 2306 2227; x_wconf 85' lang='lat' dir='ltr'><strong>et</strong></span> <span class='ocrx_word' id='word_1_141' title='bbox 2352 2189 2476 2245; x_wconf 87' lang='lat' dir='ltr'><strong>pro·</strong></span> 
     </span>
     <span class='ocr_line' id='line_1_23' title="bbox 833 2242 2475 2316; baseline -0.005 -9"><span class='ocrx_word' id='word_1_142' title='bbox 833 2252 1088 2309; x_wconf 86' lang='lat' dir='ltr'><strong>missioni</strong></span> <span class='ocrx_word' id='word_1_143' title='bbox 1135 2249 1274 2314; x_wconf 74' lang='lat' dir='ltr'><strong>Det,</strong></span> <span class='ocrx_word' id='word_1_144' title='bbox 1327 2242 1673 2302; x_wconf 85' lang='lat' dir='ltr'><strong>transferunt</strong></span> <span class='ocrx_word' id='word_1_145' title='bbox 1724 2246 1796 2300; x_wconf 86' lang='lat' dir='ltr'><strong>ad</strong></span> <span class='ocrx_word' id='word_1_146' title='bbox 1838 2262 2025 2316; x_wconf 88' lang='lat' dir='ltr'><strong>opera.</strong></span> <span class='ocrx_word' id='word_1_147' title='bbox 2109 2246 2244 2299; x_wconf 87' lang='lat' dir='ltr'><strong>item</strong></span> <span class='ocrx_word' id='word_1_148' title='bbox 2303 2262 2475 2316; x_wconf 89' lang='lat' dir='ltr'><strong>oppo-</strong></span> 
     </span>
     <span class='ocr_line' id='line_1_24' title="bbox 833 2316 2482 2390; baseline -0.005 -11"><span class='ocrx_word' id='word_1_149' title='bbox 833 2335 973 2380; x_wconf 86' lang='lat' dir='ltr'><strong>nunt</strong></span> <span class='ocrx_word' id='word_1_150' title='bbox 1008 2326 1124 2376; x_wconf 90' lang='lat' dir='ltr'><strong>irae</strong></span> <span class='ocrx_word' id='word_1_151' title='bbox 1172 2320 1311 2386; x_wconf 85' lang='lat' dir='ltr'><strong>Dei,</strong></span> <span class='ocrx_word' id='word_1_152' title='bbox 1359 2337 1471 2373; x_wconf 90' lang='lat' dir='ltr'><strong>non</strong></span> <span class='ocrx_word' id='word_1_153' title='bbox 1526 2318 1954 2390; x_wconf 85' lang='lat' dir='ltr'><strong>propiciatorem</strong></span> <span class='ocrx_word' id='word_1_154' title='bbox 2008 2316 2317 2380; x_wconf 83' lang='lat' dir='ltr'><strong>Christum,</strong></span> <span class='ocrx_word' id='word_1_155' title='bbox 2375 2317 2482 2371; x_wconf 84' lang='lat' dir='ltr'><strong>sed</strong></span> 
     </span>
     <span class='ocr_line' id='line_1_25' title="bbox 835 2387 2477 2469; baseline -0.005 -19"><span class='ocrx_word' id='word_1_156' title='bbox 835 2397 1063 2469; x_wconf 88' lang='lat' dir='ltr'><strong>propria</strong></span> <span class='ocrx_word' id='word_1_157' title='bbox 1120 2410 1324 2464; x_wconf 86' lang='lat' dir='ltr'><strong>opera,</strong></span> <span class='ocrx_word' id='word_1_158' title='bbox 1378 2406 1554 2462; x_wconf 87' lang='lat' dir='ltr'><strong>quare</strong></span> <span class='ocrx_word' id='word_1_159' title='bbox 1608 2387 1876 2444; x_wconf 89' lang='lat' dir='ltr'><strong>honorem</strong></span> <span class='ocrx_word' id='word_1_160' title='bbox 1943 2390 2186 2444; x_wconf 86' lang='lat' dir='ltr'><strong>debitum</strong></span> <span class='ocrx_word' id='word_1_161' title='bbox 2250 2387 2477 2446; x_wconf 87' lang='lat' dir='ltr'><strong>Christo</strong></span> 
     </span>
     <span class='ocr_line' id='line_1_26' title="bbox 790 2458 2479 2533; baseline -0.004 -11"><span class='ocrx_word' id='word_1_162' title='bbox 790 2465 1186 2528; x_wconf 75' lang='lat' dir='ltr'><strong>‚transferunt</strong></span> <span class='ocrx_word' id='word_1_163' title='bbox 1222 2463 1292 2517; x_wconf 83' lang='lat' dir='ltr'><strong>ad</strong></span> <span class='ocrx_word' id='word_1_164' title='bbox 1334 2478 1506 2533; x_wconf 89' lang='lat' dir='ltr'><strong>opera</strong></span> <span class='ocrx_word' id='word_1_165' title='bbox 1556 2469 1772 2517; x_wconf 83' lang='lat' dir='ltr'><strong>nostra.</strong></span> <span class='ocrx_word' id='word_1_166' title='bbox 1845 2460 2083 2517; x_wconf 79' lang='lat' dir='ltr'><strong>Constat</strong></span> <span class='ocrx_word' id='word_1_167' title='bbox 2128 2470 2311 2516; x_wconf 84' lang='lat' dir='ltr'><strong>autem</strong></span> <span class='ocrx_word' id='word_1_168' title='bbox 2357 2458 2479 2516; x_wconf 82' lang='lat' dir='ltr'><strong>Mo·</strong></span> 
     </span>
     <span class='ocr_line' id='line_1_27' title="bbox 836 2532 2478 2606; baseline -0.004 -12"><span class='ocrx_word' id='word_1_169' title='bbox 836 2538 1053 2594; x_wconf 87' lang='lat' dir='ltr'><strong>nachos</strong></span> <span class='ocrx_word' id='word_1_170' title='bbox 1091 2537 1203 2591; x_wconf 91' lang='lat' dir='ltr'><strong>hoo</strong></span> <span class='ocrx_word' id='word_1_171' title='bbox 1238 2535 1461 2604; x_wconf 89' lang='lat' dir='ltr'><strong>docere,</strong></span> <span class='ocrx_word' id='word_1_172' title='bbox 1497 2533 1649 2606; x_wconf 84' lang='lat' dir='ltr'><strong>quod</strong></span> <span class='ocrx_word' id='word_1_173' title='bbox 1680 2533 1799 2588; x_wconf 88' lang='lat' dir='ltr'><strong>suis</strong></span> <span class='ocrx_word' id='word_1_174' title='bbox 1838 2532 2327 2589; x_wconf 86' lang='lat' dir='ltr'><strong>obseruationibus</strong></span> <span class='ocrx_word' id='word_1_175' title='bbox 2362 2548 2478 2587; x_wconf 88' lang='lat' dir='ltr'><strong>me-</strong></span> 
     </span>
     <span class='ocr_line' id='line_1_28' title="bbox 840 2604 2479 2676; baseline -0.005 -10"><span class='ocrx_word' id='word_1_176' title='bbox 840 2621 1070 2666; x_wconf 87' lang='lat' dir='ltr'><strong>reantur</strong></span> <span class='ocrx_word' id='word_1_177' title='bbox 1125 2606 1510 2661; x_wconf 87' lang='lat' dir='ltr'><strong>remissionem</strong></span> <span class='ocrx_word' id='word_1_178' title='bbox 1565 2615 1957 2676; x_wconf 86' lang='lat' dir='ltr'><strong>peccatorum,</strong></span> <span class='ocrx_word' id='word_1_179' title='bbox 2026 2606 2179 2676; x_wconf 82' lang='lat' dir='ltr'><strong>quod</strong></span> <span class='ocrx_word' id='word_1_180' title='bbox 2231 2604 2479 2660; x_wconf 82' lang='lat' dir='ltr'><strong>habeant</strong></span> 
     </span>
     <span class='ocr_line' id='line_1_29' title="bbox 836 2675 2480 2753; baseline -0.004 -16"><span class='ocrx_word' id='word_1_181' title='bbox 836 2681 1021 2738; x_wconf 89' lang='lat' dir='ltr'><strong>Deum</strong></span> <span class='ocrx_word' id='word_1_182' title='bbox 1057 2680 1366 2753; x_wconf 87' lang='lat' dir='ltr'><strong>propicium</strong></span> <span class='ocrx_word' id='word_1_183' title='bbox 1401 2685 1635 2750; x_wconf 86' lang='lat' dir='ltr'><strong>propter</strong></span> <span class='ocrx_word' id='word_1_184' title='bbox 1668 2675 1774 2731; x_wconf 88' lang='lat' dir='ltr'><strong>has</strong></span> <span class='ocrx_word' id='word_1_185' title='bbox 1796 2677 2242 2733; x_wconf 80' lang='lat' dir='ltr'><strong>obseruationes·</strong></span> <span class='ocrx_word' id='word_1_186' title='bbox 2293 2675 2480 2737; x_wconf 85' lang='lat' dir='ltr'><strong>Quare</strong></span> 
     </span>
     <span class='ocr_line' id='line_1_30' title="bbox 837 2748 2480 2822; baseline -0.005 -12"><span class='ocrx_word' id='word_1_187' title='bbox 837 2755 1045 2810; x_wconf 81' lang='lat' dir='ltr'><strong>docent</strong></span> <span class='ocrx_word' id='word_1_188' title='bbox 1100 2750 1383 2808; x_wconf 84' lang='lat' dir='ltr'><strong>confidere</strong></span> <span class='ocrx_word' id='word_1_189' title='bbox 1430 2750 1549 2805; x_wconf 86' lang='lat' dir='ltr'><strong>suis</strong></span> <span class='ocrx_word' id='word_1_190' title='bbox 1598 2748 1866 2822; x_wconf 86' lang='lat' dir='ltr'><strong>operibus</strong></span> <span class='ocrx_word' id='word_1_191' title='bbox 1910 2765 2024 2804; x_wconf 89' lang='lat' dir='ltr'><strong>non</strong></span> <span class='ocrx_word' id='word_1_192' title='bbox 2078 2766 2181 2821; x_wconf 89' lang='lat' dir='ltr'><strong>pro</strong></span> <span class='ocrx_word' id='word_1_193' title='bbox 2221 2748 2480 2802; x_wconf 89' lang='lat' dir='ltr'><strong>iciatiene</strong></span> 
     </span>
     <span class='ocr_line' id='line_1_31' title="bbox 836 2818 2476 2893; baseline -0.003 -12"><span class='ocrx_word' id='word_1_194' title='bbox 836 2825 1063 2882; x_wconf 86' lang='lat' dir='ltr'><strong>Christi.</strong></span> <span class='ocrx_word' id='word_1_195' title='bbox 1137 2823 1293 2877; x_wconf 88' lang='lat' dir='ltr'><strong>Haec</strong></span> <span class='ocrx_word' id='word_1_196' title='bbox 1331 2822 1536 2877; x_wconf 84' lang='lat' dir='ltr'><strong>fiducia</strong></span> <span class='ocrx_word' id='word_1_197' title='bbox 1572 2831 1660 2876; x_wconf 82' lang='lat' dir='ltr'><strong>est</strong></span> <span class='ocrx_word' id='word_1_198' title='bbox 1694 2822 1882 2893; x_wconf 88' lang='lat' dir='ltr'><strong>impia,</strong></span> <span class='ocrx_word' id='word_1_199' title='bbox 1916 2829 1973 2877; x_wconf 86' lang='lat' dir='ltr'><strong>et</strong></span> <span class='ocrx_word' id='word_1_200' title='bbox 2008 2838 2135 2877; x_wconf 91' lang='lat' dir='ltr'><strong>cum</strong></span> <span class='ocrx_word' id='word_1_201' title='bbox 2217 2818 2476 2893; x_wconf 83' lang='lat' dir='ltr'><strong>nangelio</strong></span> 
     </span>
     <span class='ocr_line' id='line_1_32' title="bbox 835 2892 2479 2972; baseline -0.004 -20"><span class='ocrx_word' id='word_1_202' title='bbox 835 2906 1068 2972; x_wconf 84' lang='lat' dir='ltr'><strong>pugnat,</strong></span> <span class='ocrx_word' id='word_1_203' title='bbox 1107 2905 1164 2952; x_wconf 87' lang='lat' dir='ltr'><strong>et</strong></span> <span class='ocrx_word' id='word_1_204' title='bbox 1193 2897 1248 2951; x_wconf 90' lang='lat' dir='ltr'><strong>in</strong></span> <span class='ocrx_word' id='word_1_205' title='bbox 1297 2893 1500 2949; x_wconf 87' lang='lat' dir='ltr'><strong>iudicio</strong></span> <span class='ocrx_word' id='word_1_206' title='bbox 1544 2892 1654 2949; x_wconf 87' lang='lat' dir='ltr'><strong>Dei</strong></span> <span class='ocrx_word' id='word_1_207' title='bbox 1698 2892 2143 2964; x_wconf 82' lang='lat' dir='ltr'><strong>deprehendetur</strong></span> <span class='ocrx_word' id='word_1_208' title='bbox 2187 2909 2318 2948; x_wconf 88' lang='lat' dir='ltr'><strong>esse</strong></span> <span class='ocrx_word' id='word_1_209' title='bbox 2364 2892 2479 2946; x_wconf 90' lang='lat' dir='ltr'><strong>ina-</strong></span> 
     </span>
     <span class='ocr_line' id='line_1_33' title="bbox 836 2965 2479 3052; baseline -0.003 -28"><span class='ocrx_word' id='word_1_210' title='bbox 836 2971 945 3026; x_wconf 81' lang='lat' dir='ltr'><strong>nis.</strong></span> <span class='ocrx_word' id='word_1_211' title='bbox 1017 2968 1148 3022; x_wconf 84' lang='lat' dir='ltr'><strong>Non</strong></span> <span class='ocrx_word' id='word_1_212' title='bbox 1186 2966 1329 3021; x_wconf 89' lang='lat' dir='ltr'><strong>enim</strong></span> <span class='ocrx_word' id='word_1_213' title='bbox 1365 2973 1607 3037; x_wconf 82' lang='lat' dir='ltr'><strong>possunt</strong></span> <span class='ocrx_word' id='word_1_214' title='bbox 1655 2980 1828 3035; x_wconf 91' lang='lat' dir='ltr'><strong>opera</strong></span> <span class='ocrx_word' id='word_1_215' title='bbox 1873 2972 2069 3020; x_wconf 90' lang='lat' dir='ltr'><strong>nostra</strong></span> <span class='ocrx_word' id='word_1_216' title='bbox 2113 2965 2320 3052; x_wconf 80' lang='lat' dir='ltr'><strong>opponi</strong></span> <span class='ocrx_word' id='word_1_217' title='bbox 2362 2965 2479 3019; x_wconf 90' lang='lat' dir='ltr'><strong>irae</strong></span> 
     </span>
     <span class='ocr_line' id='line_1_34' title="bbox 838 3034 2479 3107; baseline -0.005 -10"><span class='ocrx_word' id='word_1_218' title='bbox 838 3057 910 3097; x_wconf 85' lang='lat' dir='ltr'><strong>ac</strong></span> <span class='ocrx_word' id='word_1_219' title='bbox 962 3039 1165 3094; x_wconf 89' lang='lat' dir='ltr'><strong>iudicio</strong></span> <span class='ocrx_word' id='word_1_220' title='bbox 1212 3036 1336 3094; x_wconf 89' lang='lat' dir='ltr'><strong>Dei.</strong></span> <span class='ocrx_word' id='word_1_221' title='bbox 1429 3036 1666 3092; x_wconf 85' lang='lat' dir='ltr'><strong>Tantum</strong></span> <span class='ocrx_word' id='word_1_222' title='bbox 1729 3036 1808 3091; x_wconf 87' lang='lat' dir='ltr'><strong>ita</strong></span> <span class='ocrx_word' id='word_1_223' title='bbox 1878 3035 2136 3107; x_wconf 87' lang='lat' dir='ltr'><strong>placatur</strong></span> <span class='ocrx_word' id='word_1_224' title='bbox 2199 3053 2284 3091; x_wconf 77' lang='lat' dir='ltr'><strong>ira</strong></span> <span class='ocrx_word' id='word_1_225' title='bbox 2350 3034 2479 3102; x_wconf 90' lang='lat' dir='ltr'><strong>Dei,</strong></span> 
     </span>
     <span class='ocr_line' id='line_1_35' title="bbox 840 3105 2479 3184; baseline -0.002 -18"><span class='ocrx_word' id='word_1_226' title='bbox 840 3111 1063 3184; x_wconf 88' lang='lat' dir='ltr'><strong>quando</strong></span> <span class='ocrx_word' id='word_1_227' title='bbox 1104 3109 1400 3182; x_wconf 83' lang='lat' dir='ltr'><strong>gratuitam</strong></span> <span class='ocrx_word' id='word_1_228' title='bbox 1437 3106 1894 3175; x_wconf 79' lang='lat' dir='ltr'><strong>misericordiam,</strong></span> <span class='ocrx_word' id='word_1_229' title='bbox 1930 3119 2163 3179; x_wconf 88' lang='lat' dir='ltr'><strong>propter</strong></span> <span class='ocrx_word' id='word_1_230' title='bbox 2199 3105 2479 3163; x_wconf 86' lang='lat' dir='ltr'><strong>Christum</strong></span> 
     </span>
     <span class='ocr_line' id='line_1_36' title="bbox 837 3177 2480 3255; baseline -0.002 -18"><span class='ocrx_word' id='word_1_231' title='bbox 837 3184 1176 3255; x_wconf 86' lang='lat' dir='ltr'><strong>promissam</strong></span> <span class='ocrx_word' id='word_1_232' title='bbox 1230 3181 1343 3234; x_wconf 85' lang='lat' dir='ltr'><strong>fide</strong></span> <span class='ocrx_word' id='word_1_233' title='bbox 1406 3177 1893 3250; x_wconf 85' lang='lat' dir='ltr'><strong>apprehendimus.</strong></span> <span class='ocrx_word' id='word_1_234' title='bbox 1983 3179 2259 3234; x_wconf 88' lang='lat' dir='ltr'><strong>Amittunt</strong></span> <span class='ocrx_word' id='word_1_235' title='bbox 2313 3180 2480 3252; x_wconf 80' lang='lat' dir='ltr'><strong>igitur</strong></span> 
     </span>
    </p>
   </div>
   <div class='ocr_carea' id='block_1_2' title="bbox 840 3250 2555 3332">
    <p class='ocr_par' dir='ltr' id='par_1_6' title="bbox 840 3250 2555 3332">
     <span class='ocr_line' id='line_1_37' title="bbox 840 3250 2555 3332; baseline -0.003 -21"><span class='ocrx_word' id='word_1_236' title='bbox 840 3255 1140 3319; x_wconf 86' lang='lat' dir='ltr'><strong>Christum,</strong></span> <span class='ocrx_word' id='word_1_237' title='bbox 1204 3253 1261 3307; x_wconf 90' lang='lat' dir='ltr'><strong>ui</strong></span> <span class='ocrx_word' id='word_1_238' title='bbox 1287 3251 1545 3307; x_wconf 85' lang='lat' dir='ltr'><strong>fiduciam</strong></span> <span class='ocrx_word' id='word_1_239' title='bbox 1563 3268 1678 3332; x_wconf 89' lang='lat' dir='ltr'><strong>non</strong></span> <span class='ocrx_word' id='word_1_240' title='bbox 1707 3251 1763 3307; x_wconf 93' lang='lat' dir='ltr'><strong>in</strong></span> <span class='ocrx_word' id='word_1_241' title='bbox 1783 3250 2083 3318; x_wconf 88' lang='lat' dir='ltr'><strong>Christum,</strong></span> <span class='ocrx_word' id='word_1_242' title='bbox 2104 3251 2287 3307; x_wconf 84' lang='lat' dir='ltr'><strong>sedin</strong></span> <span class='ocrx_word' id='word_1_243' title='bbox 2305 3267 2481 3322; x_wconf 86' lang='lat' dir='ltr'><strong>opera</strong></span> <span class='ocrx_word' id='word_1_244' title='bbox 2518 3263 2526 3320; x_wconf 76' lang='grc' dir='ltr'>Ι</span> <span class='ocrx_word' id='word_1_245' title='bbox 2551 3262 2555 3267; x_wconf 87' lang='grc'><strong>’</strong></span> 
     </span>
    </p>
   </div>
   <div class='ocr_carea' id='block_1_3' title="bbox 831 3324 2479 3828">
    <p class='ocr_par' dir='ltr' id='par_1_7' title="bbox 831 3324 2479 3828">
     <span class='ocr_line' id='line_1_38' title="bbox 837 3324 2279 3401; baseline -0.001 -19"><span class='ocrx_word' id='word_1_246' title='bbox 837 3327 1068 3401; x_wconf 87' lang='lat' dir='ltr'><strong>propria</strong></span> <span class='ocrx_word' id='word_1_247' title='bbox 1098 3324 1189 3381; x_wconf 92' lang='lat' dir='ltr'><strong>col</strong></span> <span class='ocrx_word' id='word_1_248' title='bbox 1215 3331 1396 3396; x_wconf 84' lang='lat' dir='ltr'><strong>ocant.</strong></span> <span class='ocrx_word' id='word_1_249' title='bbox 2266 3377 2279 3385; x_wconf 75' lang='grc'><strong>,.</strong></span> 
     </span>
     <span class='ocr_line' id='line_1_39' title="bbox 978 3393 2477 3468; baseline -0.002 -17"><span class='ocrx_word' id='word_1_250' title='bbox 978 3396 1281 3453; x_wconf 83' lang='lat' dir='ltr'><strong>Praeterea</strong></span> <span class='ocrx_word' id='word_1_251' title='bbox 1315 3393 1581 3450; x_wconf 86' lang='lat' dir='ltr'><strong>Monachi</strong></span> <span class='ocrx_word' id='word_1_252' title='bbox 1609 3395 1924 3451; x_wconf 85' lang='lat' dir='ltr'><strong>docuerunt</strong></span> <span class='ocrx_word' id='word_1_253' title='bbox 1943 3411 2104 3451; x_wconf 89' lang='lat' dir='ltr'><strong>suum</strong></span> <span class='ocrx_word' id='word_1_254' title='bbox 2123 3396 2277 3451; x_wconf 83' lang='lat' dir='ltr'><strong>vitae</strong></span> <span class='ocrx_word' id='word_1_255' title='bbox 2296 3409 2477 3468; x_wconf 79' lang='lat' dir='ltr'><strong>genus</strong></span> 
     </span>
     <span class='ocr_line' id='line_1_40' title="bbox 833 3465 2479 3541; baseline -0.002 -16"><span class='ocrx_word' id='word_1_256' title='bbox 833 3478 1037 3526; x_wconf 87' lang='lat' dir='ltr'><strong>statum</strong></span> <span class='ocrx_word' id='word_1_257' title='bbox 1075 3485 1208 3524; x_wconf 89' lang='lat' dir='ltr'><strong>esse</strong></span> <span class='ocrx_word' id='word_1_258' title='bbox 1242 3465 1624 3538; x_wconf 79' lang='lat' dir='ltr'><strong>perfeetioniS,</strong></span> <span class='ocrx_word' id='word_1_259' title='bbox 1663 3466 1794 3541; x_wconf 84' lang='lat' dir='ltr'><strong>quia</strong></span> <span class='ocrx_word' id='word_1_260' title='bbox 1830 3468 2202 3523; x_wconf 87' lang='lat' dir='ltr'><strong>obseruarent</strong></span> <span class='ocrx_word' id='word_1_261' title='bbox 2237 3484 2352 3524; x_wconf 88' lang='lat' dir='ltr'><strong>non</strong></span> <span class='ocrx_word' id='word_1_262' title='bbox 2389 3483 2479 3522; x_wconf 87' lang='lat' dir='ltr'><strong>so·</strong></span> 
     </span>
     <span class='ocr_line' id='line_1_41' title="bbox 831 3538 2479 3612; baseline -0.002 -15"><span class='ocrx_word' id='word_1_263' title='bbox 831 3540 948 3598; x_wconf 87' lang='lat' dir='ltr'><strong>lum</strong></span> <span class='ocrx_word' id='word_1_264' title='bbox 1002 3549 1338 3612; x_wconf 88' lang='lat' dir='ltr'><strong>praecepta,</strong></span> <span class='ocrx_word' id='word_1_265' title='bbox 1403 3541 1509 3594; x_wconf 91' lang='lat' dir='ltr'><strong>sed</strong></span> <span class='ocrx_word' id='word_1_266' title='bbox 1575 3540 1742 3595; x_wconf 89' lang='lat' dir='ltr'><strong>etiam</strong></span> <span class='ocrx_word' id='word_1_267' title='bbox 1804 3538 2062 3595; x_wconf 89' lang='lat' dir='ltr'><strong>consilia.</strong></span> <span class='ocrx_word' id='word_1_268' title='bbox 2157 3538 2278 3599; x_wconf 80' lang='lat' dir='ltr'><strong>Hic,</strong></span> <span class='ocrx_word' id='word_1_269' title='bbox 2318 3555 2479 3594; x_wconf 88' lang='lat' dir='ltr'><strong>error</strong></span> 
     </span>
     <span class='ocr_line' id='line_1_42' title="bbox 832 3609 2479 3685; baseline -0.002 -16"><span class='ocrx_word' id='word_1_270' title='bbox 832 3615 1072 3669; x_wconf 84' lang='lat' dir='ltr'><strong>maxime</strong></span> <span class='ocrx_word' id='word_1_271' title='bbox 1126 3618 1339 3684; x_wconf 79' lang='lat' dir='ltr'><strong>pugnat</strong></span> <span class='ocrx_word' id='word_1_272' title='bbox 1392 3628 1520 3667; x_wconf 88' lang='lat' dir='ltr'><strong>cum</strong></span> <span class='ocrx_word' id='word_1_273' title='bbox 1573 3609 1937 3683; x_wconf 67' lang='lat' dir='ltr'><strong>Euangelio,</strong></span> <span class='ocrx_word' id='word_1_274' title='bbox 1983 3612 2134 3685; x_wconf 86' lang='lat' dir='ltr'><strong>quod</strong></span> <span class='ocrx_word' id='word_1_275' title='bbox 2198 3610 2479 3667; x_wconf 85' lang='lat' dir='ltr'><strong>finxerunt</strong></span> 
     </span>
     <span class='ocr_line' id='line_1_43' title="bbox 832 3680 2478 3756; baseline -0.002 -15"><span class='ocrx_word' id='word_1_276' title='bbox 832 3702 900 3741; x_wconf 91' lang='lat' dir='ltr'><strong>se</strong></span> <span class='ocrx_word' id='word_1_277' title='bbox 937 3701 1143 3756; x_wconf 87' lang='lat' dir='ltr'><strong>praece</strong></span> <span class='ocrx_word' id='word_1_278' title='bbox 1164 3686 1258 3738; x_wconf 74' lang='lat' dir='ltr'><strong>»tis</strong></span> <span class='ocrx_word' id='word_1_279' title='bbox 1295 3683 1373 3738; x_wconf 91' lang='lat' dir='ltr'><strong>ita</strong></span> <span class='ocrx_word' id='word_1_280' title='bbox 1408 3680 1769 3750; x_wconf 67' lang='lat' dir='ltr'><strong>satisfacere,</strong></span> <span class='ocrx_word' id='word_1_281' title='bbox 1806 3692 1867 3739; x_wconf 88' lang='lat' dir='ltr'><strong>vt</strong></span> <span class='ocrx_word' id='word_1_282' title='bbox 1901 3682 2140 3754; x_wconf 83' lang='lat' dir='ltr'><strong>amplius</strong></span> <span class='ocrx_word' id='word_1_283' title='bbox 2187 3683 2354 3739; x_wconf 90' lang='lat' dir='ltr'><strong>etiam</strong></span> <span class='ocrx_word' id='word_1_284' title='bbox 2399 3682 2478 3738; x_wconf 81' lang='lat' dir='ltr'><strong>fa·</strong></span> 
     </span>
     <span class='ocr_line' id='line_1_44' title="bbox 832 3754 2479 3828; baseline -0.002 -14"><span class='ocrx_word' id='word_1_285' title='bbox 832 3767 1042 3814; x_wconf 88' lang='lat' dir='ltr'><strong>cerent.</strong></span> <span class='ocrx_word' id='word_1_286' title='bbox 1167 3764 1191 3810; x_wconf 93' lang='lat' dir='ltr'><strong>t</strong></span> <span class='ocrx_word' id='word_1_287' title='bbox 1223 3754 1357 3810; x_wconf 85' lang='lat' dir='ltr'><strong>hine</strong></span> <span class='ocrx_word' id='word_1_288' title='bbox 1400 3763 1569 3813; x_wconf 82' lang='lat' dir='ltr'><strong>natus</strong></span> <span class='ocrx_word' id='word_1_289' title='bbox 1613 3765 1701 3811; x_wconf 88' lang='lat' dir='ltr'><strong>est</strong></span> <span class='ocrx_word' id='word_1_290' title='bbox 1744 3755 2033 3812; x_wconf 76' lang='lat' dir='ltr'><strong>horribilis</strong></span> <span class='ocrx_word' id='word_1_291' title='bbox 2078 3772 2269 3823; x_wconf 88' lang='lat' dir='ltr'><strong>error,</strong></span> <span class='ocrx_word' id='word_1_292' title='bbox 2327 3755 2479 3828; x_wconf 86' lang='lat' dir='ltr'><strong>quod</strong></span> 
     </span>
    </p>
   </div>
   <div class='ocr_carea' id='block_1_4' title="bbox 842 3910 1181 3923">
    <p class='ocr_par' dir='ltr' id='par_1_8' title="bbox 842 3910 1181 3923">
     <span class='ocr_line' id='line_1_45' title="bbox 842 3910 1181 3923; baseline 0 0"><span class='ocrx_word' id='word_1_293' title='bbox 842 3910 1181 3923; x_wconf 95' lang='lat' dir='ltr'><strong> </strong></span> 
     </span>
    </p>
   </div>
   <div class='ocr_carea' id='block_1_5' title="bbox 831 4007 2479 4068">
    <p class='ocr_par' dir='ltr' id='par_1_9' title="bbox 831 4007 2479 4068">
     <span class='ocr_line' id='line_1_46' title="bbox 831 4007 2479 4068; baseline -0.001 -15"><span class='ocrx_word' id='word_1_294' title='bbox 831 4012 913 4068; x_wconf 85' lang='grc'><strong>70)</strong></span> <span class='ocrx_word' id='word_1_295' title='bbox 945 4009 1223 4053; x_wconf 69' lang='lat' dir='ltr'><strong>credentibus</strong></span> <span class='ocrx_word' id='word_1_296' title='bbox 1252 4021 1299 4052; x_wconf 78' lang='lat' dir='ltr'><strong>se</strong></span> <span class='ocrx_word' id='word_1_297' title='bbox 1327 4007 1492 4052; x_wconf 79' lang='lat' dir='ltr'><strong>habere</strong></span> <span class='ocrx_word' id='word_1_298' title='bbox 1519 4007 1664 4051; x_wconf 83' lang='lat' dir='ltr'><strong>Deum</strong></span> <span class='ocrx_word' id='word_1_299' title='bbox 1694 4007 1916 4063; x_wconf 71' lang='lat' dir='ltr'><strong>placatum</strong></span> <span class='ocrx_word' id='word_1_300' title='bbox 1947 4013 1993 4050; x_wconf 83' lang='lat' dir='ltr'><strong>et</strong></span> <span class='ocrx_word' id='word_1_301' title='bbox 2018 4008 2264 4064; x_wconf 81' lang='lat' dir='ltr'><strong>propicium</strong></span> <span class='ocrx_word' id='word_1_302' title='bbox 2298 4013 2479 4064; x_wconf 82' lang='lat' dir='ltr'><strong>propter</strong></span> 
     </span>
    </p>
   </div>
   <div class='ocr_carea' id='block_1_6' title="bbox 1575 577 3440 639">
    <p class='ocr_par' dir='ltr' id='par_1_10' title="bbox 1575 577 3440 639">
     <span class='ocr_line' id='line_1_47' title="bbox 1575 577 3440 639; baseline -0.001 -2"><span class='ocrx_word' id='word_1_303' title='bbox 1575 579 1760 639; x_wconf 80' lang='lat' dir='ltr'><strong>PfflL.</strong></span> <span class='ocrx_word' id='word_1_304' title='bbox 1794 578 1971 638; x_wconf 81' lang='lat' dir='ltr'><strong>MEL.</strong></span> <span class='ocrx_word' id='word_1_305' title='bbox 2011 577 2328 638; x_wconf 84' lang='lat' dir='ltr'><strong>SCRIPTA</strong></span> <span class='ocrx_word' id='word_1_306' title='bbox 2359 578 2815 636; x_wconf 83' lang='lat' dir='ltr'><strong>DOGMATICA</strong></span> <span class='ocrx_word' id='word_1_307' title='bbox 2848 578 2944 635; x_wconf 86' lang='grc' dir='ltr'><strong>ΕΤ</strong></span> <span class='ocrx_word' id='word_1_308' title='bbox 2979 578 3440 635; x_wconf 83' lang='lat' dir='ltr'><strong>SYMBOLICA.</strong></span> 
     </span>
    </p>
   </div>
   <div class='ocr_carea' id='block_1_7' title="bbox 2514 3885 2523 4035">
    <p class='ocr_par' dir='ltr' id='par_1_11' title="bbox 2514 3885 2523 4035">
     <span class='ocr_line' id='line_1_48' title="bbox 2514 3885 2523 4035; baseline 0 0"><span class='ocrx_word' id='word_1_309' title='bbox 2514 3885 2523 4035; x_wconf 95' lang='lat' dir='ltr'><strong> </strong></span> 
     </span>
    </p>
   </div>
   <div class='ocr_carea' id='block_1_8' title="bbox 4076 577 4189 634">
    <p class='ocr_par' dir='ltr' id='par_1_12' title="bbox 4076 577 4189 634">
     <span class='ocr_line' id='line_1_49' title="bbox 4076 577 4189 634; baseline 0 0"><span class='ocrx_word' id='word_1_310' title='bbox 4076 577 4189 634; x_wconf 77' lang='lat'><strong>404</strong></span> 
     </span>
    </p>
   </div>
   <div class='ocr_carea' id='block_1_9' title="bbox 2548 734 4262 4050">
    <p class='ocr_par' dir='ltr' id='par_1_13' title="bbox 2550 734 4192 1096">
     <span class='ocr_line' id='line_1_50' title="bbox 2550 734 4189 809; baseline 0.002 -19"><span class='ocrx_word' id='word_1_311' title='bbox 2550 736 2827 794; x_wconf 85' lang='lat' dir='ltr'><strong>finxerunt</strong></span> <span class='ocrx_word' id='word_1_312' title='bbox 2862 753 2927 792; x_wconf 87' lang='lat' dir='ltr'><strong>se</strong></span> <span class='ocrx_word' id='word_1_313' title='bbox 2962 737 3174 793; x_wconf 85' lang='lat' dir='ltr'><strong>habere</strong></span> <span class='ocrx_word' id='word_1_314' title='bbox 3210 737 3406 792; x_wconf 83' lang='lat' dir='ltr'><strong>merita</strong></span> <span class='ocrx_word' id='word_1_315' title='bbox 3443 738 3972 809; x_wconf 77' lang='lat' dir='ltr'><strong>supererogationis·</strong></span> <span class='ocrx_word' id='word_1_316' title='bbox 4028 734 4189 793; x_wconf 83' lang='lat' dir='ltr'><strong>Haeo</strong></span> 
     </span>
     <span class='ocr_line' id='line_1_51' title="bbox 2550 807 4188 882; baseline 0 -17"><span class='ocrx_word' id='word_1_317' title='bbox 2550 829 2584 865; x_wconf 89' lang='lat' dir='ltr'><strong>a</strong></span> <span class='ocrx_word' id='word_1_318' title='bbox 2622 808 2970 881; x_wconf 87' lang='lat' dir='ltr'><strong>plicauerunt</strong></span> <span class='ocrx_word' id='word_1_319' title='bbox 3005 828 3109 882; x_wconf 90' lang='lat' dir='ltr'><strong>pro</strong></span> <span class='ocrx_word' id='word_1_320' title='bbox 3147 808 3295 882; x_wconf 77' lang='lat' dir='ltr'><strong>aliJS,</strong></span> <span class='ocrx_word' id='word_1_321' title='bbox 3331 819 3391 864; x_wconf 87' lang='lat' dir='ltr'><strong>vt</strong></span> <span class='ocrx_word' id='word_1_322' title='bbox 3419 807 3833 864; x_wconf 84' lang='lat' dir='ltr'><strong>satisfactiones</strong></span> <span class='ocrx_word' id='word_1_323' title='bbox 3871 817 4066 863; x_wconf 87' lang='lat' dir='ltr'><strong>essent</strong></span> <span class='ocrx_word' id='word_1_324' title='bbox 4082 827 4188 880; x_wconf 92' lang='lat' dir='ltr'><strong>pro</strong></span> 
     </span>
     <span class='ocr_line' id='line_1_52' title="bbox 2552 829 4190 954; baseline -0.002 -17"><span class='ocrx_word' id='word_1_325' title='bbox 2552 829 2746 937; x_wconf 68' lang='lat' dir='ltr'><strong>alienis</strong></span> <span class='ocrx_word' id='word_1_326' title='bbox 2784 883 3051 954; x_wconf 88' lang='lat' dir='ltr'><strong>peccatis.</strong></span> <span class='ocrx_word' id='word_1_327' title='bbox 3124 881 3281 937; x_wconf 75' lang='lat' dir='ltr'><strong>Haec</strong></span> <span class='ocrx_word' id='word_1_328' title='bbox 3327 881 3375 934; x_wconf 90' lang='lat' dir='ltr'><strong>si</strong></span> <span class='ocrx_word' id='word_1_329' title='bbox 3422 881 3548 952; x_wconf 89' lang='lat' dir='ltr'><strong>quis</strong></span> <span class='ocrx_word' id='word_1_330' title='bbox 3600 879 3792 935; x_wconf 89' lang='lat' dir='ltr'><strong>odiose</strong></span> <span class='ocrx_word' id='word_1_331' title='bbox 3822 879 3956 935; x_wconf 75' lang='lat' dir='ltr'><strong>velit</strong></span> <span class='ocrx_word' id='word_1_332' title='bbox 4002 884 4190 954; x_wconf 79' lang='lat' dir='ltr'><strong>exagi-</strong></span> 
     </span>
     <span class='ocr_line' id='line_1_53' title="bbox 2552 951 4192 1024; baseline 0.002 -17"><span class='ocrx_word' id='word_1_333' title='bbox 2552 965 2703 1020; x_wconf 86' lang='lat' dir='ltr'><strong>tare,</strong></span> <span class='ocrx_word' id='word_1_334' title='bbox 2761 971 2924 1024; x_wconf 84' lang='lat' dir='ltr'><strong>quam</strong></span> <span class='ocrx_word' id='word_1_335' title='bbox 2976 951 3149 1008; x_wconf 83' lang='lat' dir='ltr'><strong>multa</strong></span> <span class='ocrx_word' id='word_1_336' title='bbox 3203 968 3639 1008; x_wconf 84' lang='lat' dir='ltr'><strong>commemorare</strong></span> <span class='ocrx_word' id='word_1_337' title='bbox 3684 953 3894 1024; x_wconf 88' lang='lat' dir='ltr'><strong>possit,</strong></span> <span class='ocrx_word' id='word_1_338' title='bbox 3951 969 4192 1024; x_wconf 84' lang='lat' dir='ltr'><strong>quorum</strong></span> 
     </span>
     <span class='ocr_line' id='line_1_54' title="bbox 2553 1023 3527 1096; baseline -0.001 -16"><span class='ocrx_word' id='word_1_339' title='bbox 2553 1029 2660 1082; x_wconf 83' lang='lat' dir='ltr'><strong>iam</strong></span> <span class='ocrx_word' id='word_1_340' title='bbox 2697 1028 2852 1094; x_wconf 61' lang='lat' dir='ltr'><strong>ipsos</strong></span> <span class='ocrx_word' id='word_1_341' title='bbox 2890 1023 3203 1080; x_wconf 70' lang='lat' dir='ltr'><strong>monachos</strong></span> <span class='ocrx_word' id='word_1_342' title='bbox 3240 1026 3424 1096; x_wconf 87' lang='lat' dir='ltr'><strong>pudet.</strong></span> <span class='ocrx_word' id='word_1_343' title='bbox 3452 1026 3527 1092; x_wconf 81' lang='lat'><strong>⁷²)</strong></span> 
     </span>
    </p>

    <p class='ocr_par' dir='ltr' id='par_1_14' title="bbox 2550 1093 4199 1658">
     <span class='ocr_line' id='line_1_55' title="bbox 2694 1093 4187 1170; baseline 0.002 -18"><span class='ocrx_word' id='word_1_344' title='bbox 2694 1098 2820 1152; x_wconf 81' lang='lat' dir='ltr'><strong>Non</strong></span> <span class='ocrx_word' id='word_1_345' title='bbox 2867 1108 2952 1152; x_wconf 80' lang='lat' dir='ltr'><strong>est</strong></span> <span class='ocrx_word' id='word_1_346' title='bbox 2998 1096 3124 1152; x_wconf 88' lang='lat' dir='ltr'><strong>leue</strong></span> <span class='ocrx_word' id='word_1_347' title='bbox 3169 1095 3496 1152; x_wconf 82' lang='lat' dir='ltr'><strong>scandalum</strong></span> <span class='ocrx_word' id='word_1_348' title='bbox 3550 1096 3607 1150; x_wconf 89' lang='lat' dir='ltr'><strong>in</strong></span> <span class='ocrx_word' id='word_1_349' title='bbox 3661 1093 3921 1152; x_wconf 87' lang='lat' dir='ltr'><strong>Ecclesia</strong></span> <span class='ocrx_word' id='word_1_350' title='bbox 3975 1095 4187 1170; x_wconf 89' lang='lat' dir='ltr'><strong>populo</strong></span> 
     </span>
     <span class='ocr_line' id='line_1_56' title="bbox 2550 1166 4196 1242; baseline 0.004 -20"><span class='ocrx_word' id='word_1_351' title='bbox 2550 1187 2885 1242; x_wconf 79' lang='lat' dir='ltr'><strong>proponere,</strong></span> <span class='ocrx_word' id='word_1_352' title='bbox 2920 1179 3131 1224; x_wconf 87' lang='lat' dir='ltr'><strong>certum</strong></span> <span class='ocrx_word' id='word_1_353' title='bbox 3169 1167 3376 1224; x_wconf 73' lang='lat' dir='ltr'><strong>celtum</strong></span> <span class='ocrx_word' id='word_1_354' title='bbox 3421 1169 3494 1222; x_wconf 86' lang='lat' dir='ltr'><strong>ab</strong></span> <span class='ocrx_word' id='word_1_355' title='bbox 3540 1166 3856 1222; x_wconf 89' lang='lat' dir='ltr'><strong>hominibus</strong></span> <span class='ocrx_word' id='word_1_356' title='bbox 3904 1186 4047 1225; x_wconf 83' lang='lat' dir='ltr'><strong>exeo</strong></span> <span class='ocrx_word' id='word_1_357' title='bbox 4090 1170 4196 1228; x_wconf 69' lang='lat' dir='ltr'><strong>‘ta-</strong></span> 
     </span>
     <span class='ocr_line' id='line_1_57' title="bbox 2553 1238 4196 1311; baseline 0.002 -15"><span class='ocrx_word' id='word_1_358' title='bbox 2553 1254 2664 1298; x_wconf 87' lang='lat' dir='ltr'><strong>tum</strong></span> <span class='ocrx_word' id='word_1_359' title='bbox 2701 1244 2821 1296; x_wconf 89' lang='lat' dir='ltr'><strong>sine</strong></span> <span class='ocrx_word' id='word_1_360' title='bbox 2858 1243 3119 1296; x_wconf 88' lang='lat' dir='ltr'><strong>mandato</strong></span> <span class='ocrx_word' id='word_1_361' title='bbox 3140 1241 3265 1308; x_wconf 88' lang='lat' dir='ltr'><strong>Dei,</strong></span> <span class='ocrx_word' id='word_1_362' title='bbox 3299 1249 3357 1296; x_wconf 86' lang='lat' dir='ltr'><strong>et</strong></span> <span class='ocrx_word' id='word_1_363' title='bbox 3394 1239 3619 1306; x_wconf 79' lang='lat' dir='ltr'><strong>docere,</strong></span> <span class='ocrx_word' id='word_1_364' title='bbox 3650 1240 3800 1311; x_wconf 85' lang='lat' dir='ltr'><strong>quod</strong></span> <span class='ocrx_word' id='word_1_365' title='bbox 3839 1238 3966 1295; x_wconf 88' lang='lat' dir='ltr'><strong>talis</strong></span> <span class='ocrx_word' id='word_1_366' title='bbox 4098 1252 4196 1299; x_wconf 70' lang='lat' dir='ltr'><strong>tun</strong></span> 
     </span>
     <span class='ocr_line' id='line_1_58' title="bbox 2551 1311 4197 1376; baseline 0.001 -7"><span class='ocrx_word' id='word_1_367' title='bbox 2551 1313 2814 1369; x_wconf 81' lang='lat' dir='ltr'><strong>iustificct</strong></span> <span class='ocrx_word' id='word_1_368' title='bbox 2849 1312 3119 1369; x_wconf 73' lang='lat' dir='ltr'><strong>homines·</strong></span> <span class='ocrx_word' id='word_1_369' title='bbox 3146 1317 3224 1376; x_wconf 80' lang='lat'>⁶²³)</span> <span class='ocrx_word' id='word_1_370' title='bbox 3299 1312 3442 1374; x_wconf 85' lang='lat' dir='ltr'><strong>Quia</strong></span> <span class='ocrx_word' id='word_1_371' title='bbox 3488 1311 3708 1367; x_wconf 84' lang='lat' dir='ltr'><strong>iusticia</strong></span> <span class='ocrx_word' id='word_1_372' title='bbox 3744 1311 3871 1367; x_wconf 80' lang='lat' dir='ltr'><strong>fidei</strong></span> <span class='ocrx_word' id='word_1_373' title='bbox 3926 1314 3984 1369; x_wconf 88' lang='lat' dir='ltr'><strong>in</strong></span> <span class='ocrx_word' id='word_1_374' title='bbox 4030 1313 4197 1371; x_wconf 85' lang='lat' dir='ltr'><strong>Chri·</strong></span> 
     </span>
     <span class='ocr_line' id='line_1_59' title="bbox 2553 1383 4191 1457; baseline 0.001 -16"><span class='ocrx_word' id='word_1_375' title='bbox 2553 1396 2723 1452; x_wconf 87' lang='lat' dir='ltr'><strong>stum,</strong></span> <span class='ocrx_word' id='word_1_376' title='bbox 2750 1389 2825 1452; x_wconf 75' lang='lat'><strong>⁷⁴)</strong></span> <span class='ocrx_word' id='word_1_377' title='bbox 2864 1403 3027 1457; x_wconf 81' lang='lat' dir='ltr'><strong>quam</strong></span> <span class='ocrx_word' id='word_1_378' title='bbox 3065 1386 3301 1440; x_wconf 80' lang='lat' dir='ltr'><strong>maxime</strong></span> <span class='ocrx_word' id='word_1_379' title='bbox 3335 1392 3559 1454; x_wconf 85' lang='lat' dir='ltr'><strong>oportet</strong></span> <span class='ocrx_word' id='word_1_380' title='bbox 3606 1383 3750 1439; x_wconf 83' lang='lat' dir='ltr'><strong>tradi</strong></span> <span class='ocrx_word' id='word_1_381' title='bbox 3798 1384 3856 1439; x_wconf 89' lang='lat' dir='ltr'><strong>in</strong></span> <span class='ocrx_word' id='word_1_382' title='bbox 3905 1384 4191 1455; x_wconf 82' lang='lat' dir='ltr'><strong>Ecclesia,</strong></span> 
     </span>
     <span class='ocr_line' id='line_1_60' title="bbox 2552 1452 4199 1532; baseline 0.002 -20"><span class='ocrx_word' id='word_1_383' title='bbox 2552 1460 2906 1522; x_wconf 85' lang='lat' dir='ltr'><strong>obscuratur,</strong></span> <span class='ocrx_word' id='word_1_384' title='bbox 2945 1475 3070 1512; x_wconf 92' lang='lat' dir='ltr'><strong>cum</strong></span> <span class='ocrx_word' id='word_1_385' title='bbox 3106 1454 3235 1512; x_wconf 85' lang='lat' dir='ltr'><strong>illae</strong></span> <span class='ocrx_word' id='word_1_386' title='bbox 3279 1455 3548 1512; x_wconf 84' lang='lat' dir='ltr'><strong>mirificae</strong></span> <span class='ocrx_word' id='word_1_387' title='bbox 3591 1452 3894 1528; x_wconf 80' lang='lat' dir='ltr'><strong>religiones</strong></span> <span class='ocrx_word' id='word_1_388' title='bbox 3940 1457 4199 1532; x_wconf 74' lang='lat' dir='ltr'><strong>Angelo-</strong></span> 
     </span>
     <span class='ocr_line' id='line_1_61' title="bbox 2551 1525 4194 1601; baseline 0.002 -16"><span class='ocrx_word' id='word_1_389' title='bbox 2551 1549 2693 1595; x_wconf 87' lang='lat' dir='ltr'><strong>rum,</strong></span> <span class='ocrx_word' id='word_1_390' title='bbox 2724 1529 3001 1585; x_wconf 81' lang='lat' dir='ltr'><strong>simulatio</strong></span> <span class='ocrx_word' id='word_1_391' title='bbox 3039 1529 3381 1601; x_wconf 77' lang='lat' dir='ltr'><strong>paupertatis</strong></span> <span class='ocrx_word' id='word_1_392' title='bbox 3420 1538 3476 1582; x_wconf 90' lang='lat' dir='ltr'><strong>et</strong></span> <span class='ocrx_word' id='word_1_393' title='bbox 3517 1525 3841 1583; x_wconf 87' lang='lat' dir='ltr'><strong>humilitatis</strong></span> <span class='ocrx_word' id='word_1_394' title='bbox 3854 1566 3873 1595; x_wconf 94' lang='lat'><strong>,</strong></span> <span class='ocrx_word' id='word_1_395' title='bbox 3919 1539 3976 1584; x_wconf 88' lang='lat' dir='ltr'><strong>et</strong></span> <span class='ocrx_word' id='word_1_396' title='bbox 4024 1528 4194 1588; x_wconf 81' lang='lat' dir='ltr'><strong>coeli·</strong></span> 
     </span>
     <span class='ocr_line' id='line_1_62' title="bbox 2554 1597 3658 1658; baseline -0.005 0"><span class='ocrx_word' id='word_1_397' title='bbox 2554 1606 2718 1658; x_wconf 86' lang='lat' dir='ltr'><strong>batus</strong></span> <span class='ocrx_word' id='word_1_398' title='bbox 2756 1601 3113 1657; x_wconf 77' lang='lat' dir='ltr'><strong>offunduntur</strong></span> <span class='ocrx_word' id='word_1_399' title='bbox 3149 1601 3330 1655; x_wconf 83' lang='lat' dir='ltr'><strong>oculis</strong></span> <span class='ocrx_word' id='word_1_400' title='bbox 3359 1597 3658 1654; x_wconf 86' lang='lat' dir='ltr'><strong>hominum.</strong></span> 
     </span>
    </p>

    <p class='ocr_par' dir='ltr' id='par_1_15' title="bbox 2554 1669 4262 3256">
     <span class='ocr_line' id='line_1_63' title="bbox 2696 1669 4192 1744; baseline 0.002 -16"><span class='ocrx_word' id='word_1_401' title='bbox 2696 1674 2998 1728; x_wconf 83' lang='lat' dir='ltr'><strong>Praeterea</strong></span> <span class='ocrx_word' id='word_1_402' title='bbox 3034 1674 3408 1729; x_wconf 88' lang='lat' dir='ltr'><strong>obscurantur</strong></span> <span class='ocrx_word' id='word_1_403' title='bbox 3443 1679 3743 1744; x_wconf 87' lang='lat' dir='ltr'><strong>praecepta</strong></span> <span class='ocrx_word' id='word_1_404' title='bbox 3760 1669 3889 1740; x_wconf 90' lang='lat' dir='ltr'><strong>Dei,</strong></span> <span class='ocrx_word' id='word_1_405' title='bbox 3925 1683 3981 1728; x_wconf 86' lang='lat' dir='ltr'><strong>et</strong></span> <span class='ocrx_word' id='word_1_406' title='bbox 4019 1690 4192 1731; x_wconf 76' lang='lat' dir='ltr'><strong>verus</strong></span> 
     </span>
     <span class='ocr_line' id='line_1_64' title="bbox 2554 1736 4194 1810; baseline 0.002 -11"><span class='ocrx_word' id='word_1_407' title='bbox 2554 1744 2736 1800; x_wconf 87' lang='lat' dir='ltr'><strong>cultus</strong></span> <span class='ocrx_word' id='word_1_408' title='bbox 2777 1745 2903 1810; x_wconf 90' lang='lat' dir='ltr'><strong>Dei,</strong></span> <span class='ocrx_word' id='word_1_409' title='bbox 2940 1760 3065 1800; x_wconf 89' lang='lat' dir='ltr'><strong>cum</strong></span> <span class='ocrx_word' id='word_1_410' title='bbox 3104 1745 3335 1800; x_wconf 84' lang='lat' dir='ltr'><strong>audiunt</strong></span> <span class='ocrx_word' id='word_1_411' title='bbox 3362 1743 3637 1809; x_wconf 81' lang='lat' dir='ltr'><strong>homineS,</strong></span> <span class='ocrx_word' id='word_1_412' title='bbox 3677 1736 3837 1797; x_wconf 88' lang='lat' dir='ltr'><strong>solos</strong></span> <span class='ocrx_word' id='word_1_413' title='bbox 3873 1744 4194 1803; x_wconf 82' lang='lat' dir='ltr'><strong>Monaehos</strong></span> 
     </span>
     <span class='ocr_line' id='line_1_65' title="bbox 2555 1814 4198 1887; baseline 0.001 -15"><span class='ocrx_word' id='word_1_414' title='bbox 2555 1834 2684 1872; x_wconf 87' lang='lat' dir='ltr'><strong>esse</strong></span> <span class='ocrx_word' id='word_1_415' title='bbox 2738 1819 2795 1872; x_wconf 89' lang='lat' dir='ltr'><strong>in</strong></span> <span class='ocrx_word' id='word_1_416' title='bbox 2849 1826 3001 1872; x_wconf 87' lang='lat' dir='ltr'><strong>statu</strong></span> <span class='ocrx_word' id='word_1_417' title='bbox 3049 1814 3411 1887; x_wconf 75' lang='lat' dir='ltr'><strong>perfectionis</strong></span> <span class='ocrx_word' id='word_1_418' title='bbox 3424 1854 3442 1882; x_wconf 92' lang='lat'><strong>,</strong></span> <span class='ocrx_word' id='word_1_419' title='bbox 3504 1816 3634 1887; x_wconf 87' lang='lat' dir='ltr'><strong>quia</strong></span> <span class='ocrx_word' id='word_1_420' title='bbox 3695 1814 3967 1885; x_wconf 75' lang='lat' dir='ltr'><strong>perfectio</strong></span> <span class='ocrx_word' id='word_1_421' title='bbox 4032 1816 4198 1875; x_wconf 78' lang='lat' dir='ltr'><strong>Clut-</strong></span> 
     </span>
     <span class='ocr_line' id='line_1_66' title="bbox 2556 1885 4197 1963; baseline 0.002 -19"><span class='ocrx_word' id='word_1_422' title='bbox 2556 1892 2740 1945; x_wconf 79' lang='lat' dir='ltr'><strong>stiana</strong></span> <span class='ocrx_word' id='word_1_423' title='bbox 2777 1898 2865 1943; x_wconf 90' lang='lat' dir='ltr'><strong>est</strong></span> <span class='ocrx_word' id='word_1_424' title='bbox 2900 1889 3048 1943; x_wconf 85' lang='lat' dir='ltr'><strong>serio</strong></span> <span class='ocrx_word' id='word_1_425' title='bbox 3088 1889 3280 1944; x_wconf 87' lang='lat' dir='ltr'><strong>timere</strong></span> <span class='ocrx_word' id='word_1_426' title='bbox 3307 1885 3520 1953; x_wconf 89' lang='lat' dir='ltr'><strong>Deum,</strong></span> <span class='ocrx_word' id='word_1_427' title='bbox 3563 1895 3621 1941; x_wconf 89' lang='lat' dir='ltr'><strong>et</strong></span> <span class='ocrx_word' id='word_1_428' title='bbox 3656 1903 3853 1943; x_wconf 87' lang='lat' dir='ltr'><strong>rursus</strong></span> <span class='ocrx_word' id='word_1_429' title='bbox 3892 1889 4197 1963; x_wconf 76' lang='lat' dir='ltr'><strong>concipere</strong></span> 
     </span>
     <span class='ocr_line' id='line_1_67' title="bbox 2558 1956 4194 2032; baseline 0.002 -16"><span class='ocrx_word' id='word_1_430' title='bbox 2558 1978 2818 2032; x_wconf 82' lang='lat' dir='ltr'><strong>maguam</strong></span> <span class='ocrx_word' id='word_1_431' title='bbox 2880 1960 3076 2027; x_wconf 65' lang='lat' dir='ltr'><strong>iidem,</strong></span> <span class='ocrx_word' id='word_1_432' title='bbox 3142 1970 3199 2015; x_wconf 90' lang='lat' dir='ltr'><strong>et</strong></span> <span class='ocrx_word' id='word_1_433' title='bbox 3265 1956 3548 2015; x_wconf 79' lang='lat' dir='ltr'><strong>confidere</strong></span> <span class='ocrx_word' id='word_1_434' title='bbox 3610 1967 3841 2031; x_wconf 86' lang='lat' dir='ltr'><strong>propter</strong></span> <span class='ocrx_word' id='word_1_435' title='bbox 3888 1958 4194 2026; x_wconf 85' lang='lat' dir='ltr'><strong>Christum,</strong></span> 
     </span>
     <span class='ocr_line' id='line_1_68' title="bbox 2555 2029 4196 2106; baseline 0.002 -19"><span class='ocrx_word' id='word_1_436' title='bbox 2555 2035 2705 2106; x_wconf 87' lang='lat' dir='ltr'><strong>quod</strong></span> <span class='ocrx_word' id='word_1_437' title='bbox 2744 2031 3050 2088; x_wconf 85' lang='lat' dir='ltr'><strong>habeamus</strong></span> <span class='ocrx_word' id='word_1_438' title='bbox 3087 2030 3270 2086; x_wconf 90' lang='lat' dir='ltr'><strong>Deum</strong></span> <span class='ocrx_word' id='word_1_439' title='bbox 3304 2029 3616 2103; x_wconf 87' lang='lat' dir='ltr'><strong>placatum,</strong></span> <span class='ocrx_word' id='word_1_440' title='bbox 3651 2040 3846 2102; x_wconf 88' lang='lat' dir='ltr'><strong>petere</strong></span> <span class='ocrx_word' id='word_1_441' title='bbox 3882 2050 3919 2086; x_wconf 81' lang='lat' dir='ltr'><strong>a</strong></span> <span class='ocrx_word' id='word_1_442' title='bbox 3952 2032 4098 2105; x_wconf 89' lang='lat' dir='ltr'><strong>Deo,</strong></span> <span class='ocrx_word' id='word_1_443' title='bbox 4134 2044 4196 2091; x_wconf 85' lang='lat' dir='ltr'><strong>et</strong></span> 
     </span>
     <span class='ocr_line' id='line_1_69' title="bbox 2558 2102 4199 2181; baseline 0.002 -22"><span class='ocrx_word' id='word_1_444' title='bbox 2558 2117 2710 2160; x_wconf 87' lang='lat' dir='ltr'><strong>certo</strong></span> <span class='ocrx_word' id='word_1_445' title='bbox 2748 2115 3046 2175; x_wconf 82' lang='lat' dir='ltr'><strong>expectare</strong></span> <span class='ocrx_word' id='word_1_446' title='bbox 3083 2102 3345 2159; x_wconf 77' lang='lat' dir='ltr'><strong>auxilium</strong></span> <span class='ocrx_word' id='word_1_447' title='bbox 3381 2103 3439 2158; x_wconf 88' lang='lat' dir='ltr'><strong>in</strong></span> <span class='ocrx_word' id='word_1_448' title='bbox 3475 2103 3734 2159; x_wconf 87' lang='lat' dir='ltr'><strong>omnibus</strong></span> <span class='ocrx_word' id='word_1_449' title='bbox 3777 2105 3951 2160; x_wconf 89' lang='lat' dir='ltr'><strong>rebus</strong></span> <span class='ocrx_word' id='word_1_450' title='bbox 3996 2124 4199 2181; x_wconf 80' lang='lat' dir='ltr'><strong>geren·</strong></span> 
     </span>
     <span class='ocr_line' id='line_1_70' title="bbox 2555 2172 4199 2242; baseline 0.003 -11"><span class='ocrx_word' id='word_1_451' title='bbox 2555 2180 2663 2242; x_wconf 78' lang='lat' dir='ltr'><strong>dis,</strong></span> <span class='ocrx_word' id='word_1_452' title='bbox 2697 2177 2850 2231; x_wconf 80' lang='lat' dir='ltr'><strong>iuxta</strong></span> <span class='ocrx_word' id='word_1_453' title='bbox 2899 2177 3266 2231; x_wconf 85' lang='lat' dir='ltr'><strong>vocationem.</strong></span> <span class='ocrx_word' id='word_1_454' title='bbox 3337 2175 3560 2232; x_wconf 85' lang='lat' dir='ltr'><strong>Interim</strong></span> <span class='ocrx_word' id='word_1_455' title='bbox 3596 2172 3736 2229; x_wconf 82' lang='lat' dir='ltr'><strong>foris</strong></span> <span class='ocrx_word' id='word_1_456' title='bbox 3773 2175 3866 2231; x_wconf 90' lang='lat' dir='ltr'><strong>dili</strong></span> <span class='ocrx_word' id='word_1_457' title='bbox 3909 2187 4068 2233; x_wconf 82' lang='lat' dir='ltr'><strong>enter</strong></span> <span class='ocrx_word' id='word_1_458' title='bbox 4108 2176 4199 2236; x_wconf 73' lang='lat' dir='ltr'><strong>fu-</strong></span> 
     </span>
     <span class='ocr_line' id='line_1_71' title="bbox 2558 2247 4197 2320; baseline 0.001 -16"><span class='ocrx_word' id='word_1_459' title='bbox 2558 2266 2687 2304; x_wconf 88' lang='lat' dir='ltr'><strong>cere</strong></span> <span class='ocrx_word' id='word_1_460' title='bbox 2726 2250 2874 2302; x_wconf 90' lang='lat' dir='ltr'><strong>bona</strong></span> <span class='ocrx_word' id='word_1_461' title='bbox 2911 2265 3110 2320; x_wconf 84' lang='lat' dir='ltr'><strong>opera,</strong></span> <span class='ocrx_word' id='word_1_462' title='bbox 3147 2257 3204 2303; x_wconf 89' lang='lat' dir='ltr'><strong>et</strong></span> <span class='ocrx_word' id='word_1_463' title='bbox 3239 2247 3455 2302; x_wconf 89' lang='lat' dir='ltr'><strong>seruire</strong></span> <span class='ocrx_word' id='word_1_464' title='bbox 3498 2248 3796 2304; x_wconf 85' lang='lat' dir='ltr'><strong>vocationi.</strong></span> <span class='ocrx_word' id='word_1_465' title='bbox 3900 2266 3936 2303; x_wconf 91' lang='lat' dir='ltr'><strong>n</strong></span> <span class='ocrx_word' id='word_1_466' title='bbox 3984 2249 4076 2306; x_wconf 84' lang='lat' dir='ltr'><strong>his</strong></span> <span class='ocrx_word' id='word_1_467' title='bbox 4109 2267 4197 2306; x_wconf 84' lang='lat' dir='ltr'><strong>re-</strong></span> 
     </span>
     <span class='ocr_line' id='line_1_72' title="bbox 2557 2318 4199 2391; baseline 0.002 -15"><span class='ocrx_word' id='word_1_468' title='bbox 2557 2324 2666 2376; x_wconf 90' lang='lat' dir='ltr'><strong>bus</strong></span> <span class='ocrx_word' id='word_1_469' title='bbox 2704 2334 2790 2375; x_wconf 87' lang='lat' dir='ltr'><strong>est</strong></span> <span class='ocrx_word' id='word_1_470' title='bbox 2827 2335 2962 2376; x_wconf 85' lang='lat' dir='ltr'><strong>vera</strong></span> <span class='ocrx_word' id='word_1_471' title='bbox 2997 2318 3296 2391; x_wconf 80' lang='lat' dir='ltr'><strong>perfectio,</strong></span> <span class='ocrx_word' id='word_1_472' title='bbox 3344 2328 3400 2374; x_wconf 89' lang='lat' dir='ltr'><strong>et</strong></span> <span class='ocrx_word' id='word_1_473' title='bbox 3436 2336 3614 2376; x_wconf 81' lang='lat' dir='ltr'><strong>-verus</strong></span> <span class='ocrx_word' id='word_1_474' title='bbox 3665 2318 3851 2376; x_wconf 79' lang='lat' dir='ltr'><strong>cultus</strong></span> <span class='ocrx_word' id='word_1_475' title='bbox 3898 2319 4037 2387; x_wconf 91' lang='lat' dir='ltr'><strong>Dei,</strong></span> <span class='ocrx_word' id='word_1_476' title='bbox 4078 2339 4199 2379; x_wconf 79' lang='lat' dir='ltr'><strong>non</strong></span> 
     </span>
     <span class='ocr_line' id='line_1_73' title="bbox 2557 2390 4198 2464; baseline 0.002 -17"><span class='ocrx_word' id='word_1_477' title='bbox 2557 2403 2647 2447; x_wconf 87' lang='lat' dir='ltr'><strong>est</strong></span> <span class='ocrx_word' id='word_1_478' title='bbox 2681 2394 2739 2446; x_wconf 91' lang='lat' dir='ltr'><strong>in</strong></span> <span class='ocrx_word' id='word_1_479' title='bbox 2777 2390 3054 2448; x_wconf 86' lang='lat' dir='ltr'><strong>coelibatu</strong></span> <span class='ocrx_word' id='word_1_480' title='bbox 3089 2401 3185 2446; x_wconf 91' lang='lat' dir='ltr'><strong>aut</strong></span> <span class='ocrx_word' id='word_1_481' title='bbox 3220 2391 3593 2456; x_wconf 83' lang='lat' dir='ltr'><strong>mendicitate,</strong></span> <span class='ocrx_word' id='word_1_482' title='bbox 3630 2400 3727 2446; x_wconf 87' lang='lat' dir='ltr'><strong>aut</strong></span> <span class='ocrx_word' id='word_1_483' title='bbox 3763 2401 3924 2449; x_wconf 85' lang='lat' dir='ltr'><strong>veste</strong></span> <span class='ocrx_word' id='word_1_484' title='bbox 3941 2394 4198 2464; x_wconf 74' lang='lat' dir='ltr'><strong>sordida,</strong></span> 
     </span>
     <span class='ocr_line' id='line_1_74' title="bbox 2555 2462 4200 2538; baseline 0.002 -18"><span class='ocrx_word' id='word_1_485' title='bbox 2555 2465 2645 2521; x_wconf 77' lang='lat' dir='ltr'><strong>Ae</strong></span> <span class='ocrx_word' id='word_1_486' title='bbox 2669 2467 2742 2530; x_wconf 75' lang='lat'><strong>¹²⁵)</strong></span> <span class='ocrx_word' id='word_1_487' title='bbox 2781 2463 3021 2536; x_wconf 85' lang='lat' dir='ltr'><strong>populus</strong></span> <span class='ocrx_word' id='word_1_488' title='bbox 3059 2464 3303 2535; x_wconf 86' lang='lat' dir='ltr'><strong>concipit</strong></span> <span class='ocrx_word' id='word_1_489' title='bbox 3346 2462 3552 2518; x_wconf 83' lang='lat' dir='ltr'><strong>multas</strong></span> <span class='ocrx_word' id='word_1_490' title='bbox 3587 2464 3933 2534; x_wconf 85' lang='lat' dir='ltr'><strong>perniciosas</strong></span> <span class='ocrx_word' id='word_1_491' title='bbox 3981 2468 4200 2538; x_wconf 82' lang='lat' dir='ltr'><strong>opinio·</strong></span> 
     </span>
     <span class='ocr_line' id='line_1_75' title="bbox 2556 2533 4199 2606; baseline 0.003 -15"><span class='ocrx_word' id='word_1_492' title='bbox 2556 2553 2660 2591; x_wconf 89' lang='lat' dir='ltr'><strong>nes</strong></span> <span class='ocrx_word' id='word_1_493' title='bbox 2691 2553 2759 2592; x_wconf 80' lang='lat' dir='ltr'><strong>ex</strong></span> <span class='ocrx_word' id='word_1_494' title='bbox 2794 2533 2907 2590; x_wconf 87' lang='lat' dir='ltr'><strong>illis</strong></span> <span class='ocrx_word' id='word_1_495' title='bbox 2935 2535 3098 2591; x_wconf 83' lang='lat' dir='ltr'><strong>falsis</strong></span> <span class='ocrx_word' id='word_1_496' title='bbox 3134 2536 3450 2606; x_wconf 87' lang='lat' dir='ltr'><strong>praeconi&#39;s</strong></span> <span class='ocrx_word' id='word_1_497' title='bbox 3486 2536 3636 2591; x_wconf 83' lang='lat' dir='ltr'><strong>vitae</strong></span> <span class='ocrx_word' id='word_1_498' title='bbox 3656 2535 4022 2593; x_wconf 85' lang='lat' dir='ltr'><strong>Monasticae.</strong></span> <span class='ocrx_word' id='word_1_499' title='bbox 4076 2538 4199 2596; x_wconf 72' lang='lat' dir='ltr'><strong>Au·</strong></span> 
     </span>
     <span class='ocr_line' id='line_1_76' title="bbox 2557 2606 4199 2675; baseline 0.002 -12"><span class='ocrx_word' id='word_1_500' title='bbox 2557 2610 2639 2663; x_wconf 87' lang='lat' dir='ltr'><strong>dit</strong></span> <span class='ocrx_word' id='word_1_501' title='bbox 2674 2610 2798 2662; x_wconf 87' lang='lat' dir='ltr'><strong>sine</strong></span> <span class='ocrx_word' id='word_1_502' title='bbox 2833 2608 2999 2663; x_wconf 89' lang='lat' dir='ltr'><strong>modo</strong></span> <span class='ocrx_word' id='word_1_503' title='bbox 3036 2606 3254 2665; x_wconf 88' lang='lat' dir='ltr'><strong>laudari</strong></span> <span class='ocrx_word' id='word_1_504' title='bbox 3292 2623 3396 2663; x_wconf 88' lang='lat' dir='ltr'><strong>coe</strong></span> <span class='ocrx_word' id='word_1_505' title='bbox 3423 2609 3661 2675; x_wconf 88' lang='lat' dir='ltr'><strong>ibatum,</strong></span> <span class='ocrx_word' id='word_1_506' title='bbox 3700 2609 3828 2664; x_wconf 89' lang='lat' dir='ltr'><strong>ideo</strong></span> <span class='ocrx_word' id='word_1_507' title='bbox 3866 2627 3994 2666; x_wconf 87' lang='lat' dir='ltr'><strong>cum</strong></span> <span class='ocrx_word' id='word_1_508' title='bbox 4028 2609 4199 2668; x_wconf 73' lang='lat' dir='ltr'><strong>offen·</strong></span> 
     </span>
     <span class='ocr_line' id='line_1_77' title="bbox 2557 2680 4198 2751; baseline 0.004 -18"><span class='ocrx_word' id='word_1_509' title='bbox 2557 2681 2718 2736; x_wconf 89' lang='lat' dir='ltr'><strong>sione</strong></span> <span class='ocrx_word' id='word_1_510' title='bbox 2754 2681 3131 2735; x_wconf 84' lang='lat' dir='ltr'><strong>conscientiae</strong></span> <span class='ocrx_word' id='word_1_511' title='bbox 3159 2690 3420 2736; x_wconf 74' lang='lat' dir='ltr'><strong>versatur</strong></span> <span class='ocrx_word' id='word_1_512' title='bbox 3454 2680 3511 2735; x_wconf 88' lang='lat' dir='ltr'><strong>in</strong></span> <span class='ocrx_word' id='word_1_513' title='bbox 3553 2680 3845 2751; x_wconf 85' lang='lat' dir='ltr'><strong>coniugio,</strong></span> <span class='ocrx_word' id='word_1_514' title='bbox 3879 2681 4056 2737; x_wconf 75' lang='lat' dir='ltr'><strong>Audit</strong></span> <span class='ocrx_word' id='word_1_515' title='bbox 4100 2699 4198 2739; x_wconf 75' lang='lat' dir='ltr'><strong>so·</strong></span> 
     </span>
     <span class='ocr_line' id='line_1_78' title="bbox 2557 2750 4262 2823; baseline 0.004 -17"><span class='ocrx_word' id='word_1_516' title='bbox 2557 2750 2649 2807; x_wconf 86' lang='lat' dir='ltr'><strong>los</strong></span> <span class='ocrx_word' id='word_1_517' title='bbox 2684 2753 2974 2807; x_wconf 82' lang='lat' dir='ltr'><strong>mendicos</strong></span> <span class='ocrx_word' id='word_1_518' title='bbox 3009 2768 3140 2808; x_wconf 85' lang='lat' dir='ltr'><strong>esse</strong></span> <span class='ocrx_word' id='word_1_519' title='bbox 3186 2750 3498 2823; x_wconf 74' lang='lat' dir='ltr'><strong>perfectoS,</strong></span> <span class='ocrx_word' id='word_1_520' title='bbox 3534 2752 3661 2807; x_wconf 90' lang='lat' dir='ltr'><strong>ideo</strong></span> <span class='ocrx_word' id='word_1_521' title='bbox 3712 2767 3837 2808; x_wconf 89' lang='lat' dir='ltr'><strong>cum</strong></span> <span class='ocrx_word' id='word_1_522' title='bbox 3886 2752 4199 2812; x_wconf 74' lang='lat' dir='ltr'><strong>offensione</strong></span> <span class='ocrx_word' id='word_1_523' title='bbox 4258 2814 4262 2818; x_wconf 76' lang='grc'><strong>,</strong></span> 
     </span>
     <span class='ocr_line' id='line_1_79' title="bbox 2558 2824 4199 2900; baseline 0.001 -19"><span class='ocrx_word' id='word_1_524' title='bbox 2558 2825 2936 2881; x_wconf 87' lang='lat' dir='ltr'><strong>eonscientiae</strong></span> <span class='ocrx_word' id='word_1_525' title='bbox 3008 2825 3205 2880; x_wconf 87' lang='lat' dir='ltr'><strong>retinet</strong></span> <span class='ocrx_word' id='word_1_526' title='bbox 3232 2828 3305 2891; x_wconf 79' lang='lat'><strong>⁷⁶)</strong></span> <span class='ocrx_word' id='word_1_527' title='bbox 3400 2824 3794 2892; x_wconf 78' lang='lat' dir='ltr'><strong>essessiones,</strong></span> <span class='ocrx_word' id='word_1_528' title='bbox 3858 2827 4199 2900; x_wconf 77' lang='lat' dir='ltr'><strong>negotiatur.</strong></span> 
     </span>
     <span class='ocr_line' id='line_1_80' title="bbox 2558 2894 4244 2969; baseline -0.002 -17"><span class='ocrx_word' id='word_1_529' title='bbox 2558 2896 2730 2952; x_wconf 80' lang='lat' dir='ltr'><strong>Audit</strong></span> <span class='ocrx_word' id='word_1_530' title='bbox 2776 2894 3070 2952; x_wconf 84' lang='lat' dir='ltr'><strong>consilium</strong></span> <span class='ocrx_word' id='word_1_531' title='bbox 3122 2895 3355 2969; x_wconf 83' lang='lat' dir='ltr'><strong>Euange</strong></span> <span class='ocrx_word' id='word_1_532' title='bbox 3379 2897 3525 2953; x_wconf 87' lang='lat' dir='ltr'><strong>icum</strong></span> <span class='ocrx_word' id='word_1_533' title='bbox 3574 2912 3705 2952; x_wconf 89' lang='lat' dir='ltr'><strong>esse</strong></span> <span class='ocrx_word' id='word_1_534' title='bbox 3746 2897 3816 2952; x_wconf 89' lang='lat' dir='ltr'><strong>de</strong></span> <span class='ocrx_word' id='word_1_535' title='bbox 3861 2914 3975 2955; x_wconf 85' lang='lat' dir='ltr'><strong>nen</strong></span> <span class='ocrx_word' id='word_1_536' title='bbox 4020 2899 4193 2955; x_wconf 85' lang='lat' dir='ltr'><strong>vindi-</strong></span> <span class='ocrx_word' id='word_1_537' title='bbox 4240 2946 4244 2949; x_wconf 88' lang='lat'>.</span> 
     </span>
     <span class='ocr_line' id='line_1_81' title="bbox 2559 2966 4201 3042; baseline 0.001 -18"><span class='ocrx_word' id='word_1_538' title='bbox 2559 2969 2770 3035; x_wconf 85' lang='lat' dir='ltr'><strong>cando,</strong></span> <span class='ocrx_word' id='word_1_539' title='bbox 2806 2968 2934 3024; x_wconf 90' lang='lat' dir='ltr'><strong>ideo</strong></span> <span class='ocrx_word' id='word_1_540' title='bbox 2981 2966 3075 3041; x_wconf 86' lang='lat' dir='ltr'><strong>aiij</strong></span> <span class='ocrx_word' id='word_1_541' title='bbox 3116 2969 3173 3022; x_wconf 89' lang='lat' dir='ltr'><strong>in</strong></span> <span class='ocrx_word' id='word_1_542' title='bbox 3208 2970 3426 3042; x_wconf 88' lang='lat' dir='ltr'><strong>priuata</strong></span> <span class='ocrx_word' id='word_1_543' title='bbox 3471 2969 3589 3022; x_wconf 85' lang='lat' dir='ltr'><strong>vita</strong></span> <span class='ocrx_word' id='word_1_544' title='bbox 3634 2985 3747 3023; x_wconf 88' lang='lat' dir='ltr'><strong>non</strong></span> <span class='ocrx_word' id='word_1_545' title='bbox 3802 2979 4068 3026; x_wconf 82' lang='lat' dir='ltr'><strong>verentur</strong></span> <span class='ocrx_word' id='word_1_546' title='bbox 4113 2966 4201 3028; x_wconf 78' lang='lat' dir='ltr'><strong>vl·</strong></span> 
     </span>
     <span class='ocr_line' id='line_1_82' title="bbox 2559 3039 4196 3112; baseline 0.001 -15"><span class='ocrx_word' id='word_1_547' title='bbox 2559 3041 2716 3107; x_wconf 84' lang='lat' dir='ltr'><strong>cisci,</strong></span> <span class='ocrx_word' id='word_1_548' title='bbox 2754 3041 2980 3096; x_wconf 86' lang='lat' dir='ltr'><strong>audiunt</strong></span> <span class='ocrx_word' id='word_1_549' title='bbox 3015 3041 3162 3096; x_wconf 89' lang='lat' dir='ltr'><strong>enim</strong></span> <span class='ocrx_word' id='word_1_550' title='bbox 3191 3039 3483 3096; x_wconf 86' lang='lat' dir='ltr'><strong>consilium</strong></span> <span class='ocrx_word' id='word_1_551' title='bbox 3522 3056 3652 3095; x_wconf 87' lang='lat' dir='ltr'><strong>esse</strong></span> <span class='ocrx_word' id='word_1_552' title='bbox 3686 3056 3798 3096; x_wconf 90' lang='lat' dir='ltr'><strong>non</strong></span> <span class='ocrx_word' id='word_1_553' title='bbox 3817 3059 3986 3112; x_wconf 88' lang='lat' dir='ltr'><strong>praec</strong></span> <span class='ocrx_word' id='word_1_554' title='bbox 4058 3050 4196 3109; x_wconf 76' lang='lat' dir='ltr'><strong>tun,</strong></span> 
     </span>
     <span class='ocr_line' id='line_1_83' title="bbox 2557 3110 4201 3184; baseline 0.003 -17"><span class='ocrx_word' id='word_1_555' title='bbox 2557 3110 2671 3184; x_wconf 82' lang='lat' dir='ltr'><strong>Alij</strong></span> <span class='ocrx_word' id='word_1_556' title='bbox 2710 3128 2905 3167; x_wconf 91' lang='lat' dir='ltr'><strong>omnes</strong></span> <span class='ocrx_word' id='word_1_557' title='bbox 2959 3112 3321 3184; x_wconf 80' lang='lat' dir='ltr'><strong>magistratus</strong></span> <span class='ocrx_word' id='word_1_558' title='bbox 3375 3122 3434 3168; x_wconf 87' lang='lat' dir='ltr'><strong>et</strong></span> <span class='ocrx_word' id='word_1_559' title='bbox 3482 3111 3666 3168; x_wconf 84' lang='lat' dir='ltr'><strong>ciuilia</strong></span> <span class='ocrx_word' id='word_1_560' title='bbox 3708 3110 3897 3169; x_wconf 89' lang='lat' dir='ltr'><strong>officia</strong></span> <span class='ocrx_word' id='word_1_561' title='bbox 3950 3115 4007 3169; x_wconf 92' lang='lat' dir='ltr'><strong>iu</strong></span> <span class='ocrx_word' id='word_1_562' title='bbox 4051 3114 4201 3182; x_wconf 78' lang='lat' dir='ltr'><strong>&#39;eant</strong></span> 
     </span>
     <span class='ocr_line' id='line_1_84' title="bbox 2557 3182 3340 3256; baseline -0.003 -17"><span class='ocrx_word' id='word_1_563' title='bbox 2557 3184 2787 3256; x_wconf 82' lang='lat' dir='ltr'><strong>indigna</strong></span> <span class='ocrx_word' id='word_1_564' title='bbox 2823 3200 2956 3240; x_wconf 89' lang='lat' dir='ltr'><strong>esse</strong></span> <span class='ocrx_word' id='word_1_565' title='bbox 2993 3182 3340 3240; x_wconf 87' lang='lat' dir='ltr'><strong>Christianis.</strong></span> 
     </span>
    </p>

    <p class='ocr_par' dir='ltr' id='par_1_16' title="bbox 2555 3254 4200 3688">
     <span class='ocr_line' id='line_1_85' title="bbox 2699 3254 4197 3327; baseline 0.003 -18"><span class='ocrx_word' id='word_1_566' title='bbox 2699 3255 2990 3327; x_wconf 83' lang='lat' dir='ltr'><strong>Leguntur</strong></span> <span class='ocrx_word' id='word_1_567' title='bbox 3024 3254 3280 3327; x_wconf 84' lang='lat' dir='ltr'><strong>exempla</strong></span> <span class='ocrx_word' id='word_1_568' title='bbox 3315 3256 3596 3311; x_wconf 89' lang='lat' dir='ltr'><strong>hominum</strong></span> <span class='ocrx_word' id='word_1_569' title='bbox 3644 3256 3738 3327; x_wconf 88' lang='lat' dir='ltr'><strong>qui</strong></span> <span class='ocrx_word' id='word_1_570' title='bbox 3786 3257 4016 3313; x_wconf 85' lang='lat' dir='ltr'><strong>deserto</strong></span> <span class='ocrx_word' id='word_1_571' title='bbox 4059 3273 4197 3314; x_wconf 87' lang='lat' dir='ltr'><strong>oon·</strong></span> 
     </span>
     <span class='ocr_line' id='line_1_86' title="bbox 2555 3325 4197 3401; baseline 0.003 -19"><span class='ocrx_word' id='word_1_572' title='bbox 2555 3328 2730 3401; x_wconf 79' lang='lat' dir='ltr'><strong>iugio,</strong></span> <span class='ocrx_word' id='word_1_573' title='bbox 2767 3329 2993 3383; x_wconf 88' lang='lat' dir='ltr'><strong>deserta</strong></span> <span class='ocrx_word' id='word_1_574' title='bbox 3027 3325 3371 3399; x_wconf 87' lang='lat' dir='ltr'><strong>reipublicae</strong></span> <span class='ocrx_word' id='word_1_575' title='bbox 3405 3327 3914 3397; x_wconf 82' lang='lat' dir='ltr'><strong>administratione,</strong></span> <span class='ocrx_word' id='word_1_576' title='bbox 3965 3329 4197 3387; x_wconf 79' lang='lat' dir='ltr'><strong>abdide-</strong></span> 
     </span>
     <span class='ocr_line' id='line_1_87' title="bbox 2556 3398 4199 3476; baseline 0.001 -19"><span class='ocrx_word' id='word_1_577' title='bbox 2556 3410 2687 3457; x_wconf 88' lang='lat' dir='ltr'><strong>runt</strong></span> <span class='ocrx_word' id='word_1_578' title='bbox 2739 3416 2807 3455; x_wconf 89' lang='lat' dir='ltr'><strong>se</strong></span> <span class='ocrx_word' id='word_1_579' title='bbox 2859 3401 2919 3456; x_wconf 87' lang='lat' dir='ltr'><strong>in</strong></span> <span class='ocrx_word' id='word_1_580' title='bbox 2970 3398 3331 3455; x_wconf 84' lang='lat' dir='ltr'><strong>Monasteria.</strong></span> <span class='ocrx_word' id='word_1_581' title='bbox 3423 3400 3487 3455; x_wconf 89' lang='lat' dir='ltr'><strong>ld</strong></span> <span class='ocrx_word' id='word_1_582' title='bbox 3533 3401 3816 3455; x_wconf 85' lang='lat' dir='ltr'><strong>vocabant</strong></span> <span class='ocrx_word' id='word_1_583' title='bbox 3878 3399 4079 3476; x_wconf 68' lang='lat' dir='ltr'><strong>fugere</strong></span> <span class='ocrx_word' id='word_1_584' title='bbox 4125 3418 4199 3458; x_wconf 83' lang='lat' dir='ltr'><strong>ex</strong></span> 
     </span>
     <span class='ocr_line' id='line_1_88' title="bbox 2556 3471 4198 3547; baseline 0.001 -20"><span class='ocrx_word' id='word_1_585' title='bbox 2556 3473 2793 3541; x_wconf 89' lang='lat' dir='ltr'><strong>mundo,</strong></span> <span class='ocrx_word' id='word_1_586' title='bbox 2830 3481 2890 3527; x_wconf 91' lang='lat' dir='ltr'><strong>et</strong></span> <span class='ocrx_word' id='word_1_587' title='bbox 2931 3488 3203 3544; x_wconf 85' lang='lat' dir='ltr'><strong>quaerere</strong></span> <span class='ocrx_word' id='word_1_588' title='bbox 3249 3473 3399 3528; x_wconf 84' lang='lat' dir='ltr'><strong>vitae</strong></span> <span class='ocrx_word' id='word_1_589' title='bbox 3447 3488 3628 3544; x_wconf 82' lang='lat' dir='ltr'><strong>genus</strong></span> <span class='ocrx_word' id='word_1_590' title='bbox 3665 3473 3815 3544; x_wconf 84' lang='lat' dir='ltr'><strong>quod</strong></span> <span class='ocrx_word' id='word_1_591' title='bbox 3853 3471 3977 3530; x_wconf 90' lang='lat' dir='ltr'><strong>Deo</strong></span> <span class='ocrx_word' id='word_1_592' title='bbox 4013 3475 4198 3547; x_wconf 73' lang='lat' dir='ltr'><strong>magio</strong></span> 
     </span>
     <span class='ocr_line' id='line_1_89' title="bbox 2555 3542 4199 3616; baseline 0.001 -15"><span class='ocrx_word' id='word_1_593' title='bbox 2555 3543 2830 3616; x_wconf 83' lang='lat' dir='ltr'><strong>placeret,</strong></span> <span class='ocrx_word' id='word_1_594' title='bbox 2864 3551 2991 3600; x_wconf 84' lang='lat' dir='ltr'><strong>&#39;nec</strong></span> <span class='ocrx_word' id='word_1_595' title='bbox 3043 3544 3310 3599; x_wconf 85' lang='lat' dir='ltr'><strong>videbant</strong></span> <span class='ocrx_word' id='word_1_596' title='bbox 3360 3542 3489 3599; x_wconf 92' lang='lat' dir='ltr'><strong>Deo</strong></span> <span class='ocrx_word' id='word_1_597' title='bbox 3544 3545 3900 3602; x_wconf 86' lang='lat' dir='ltr'><strong>seruiendum</strong></span> <span class='ocrx_word' id='word_1_598' title='bbox 3953 3561 4087 3602; x_wconf 85' lang='lat' dir='ltr'><strong>esse</strong></span> <span class='ocrx_word' id='word_1_599' title='bbox 4138 3546 4199 3602; x_wconf 84' lang='lat' dir='ltr'><strong>iu</strong></span> 
     </span>
     <span class='ocr_line' id='line_1_90' title="bbox 2555 3615 4200 3688; baseline 0.002 -17"><span class='ocrx_word' id='word_1_600' title='bbox 2555 3615 2665 3673; x_wconf 86' lang='lat' dir='ltr'><strong>illis</strong></span> <span class='ocrx_word' id='word_1_601' title='bbox 2702 3616 3000 3681; x_wconf 75' lang='lat' dir='ltr'><strong>mandatiS,</strong></span> <span class='ocrx_word' id='word_1_602' title='bbox 3037 3633 3181 3688; x_wconf 83' lang='lat' dir='ltr'><strong>quae</strong></span> <span class='ocrx_word' id='word_1_603' title='bbox 3218 3617 3341 3688; x_wconf 90' lang='lat' dir='ltr'><strong>ipse</strong></span> <span class='ocrx_word' id='word_1_604' title='bbox 3368 3616 3610 3682; x_wconf 87' lang='lat' dir='ltr'><strong>tradidit,</strong></span> <span class='ocrx_word' id='word_1_605' title='bbox 3657 3634 3770 3673; x_wconf 88' lang='lat' dir='ltr'><strong>non</strong></span> <span class='ocrx_word' id='word_1_606' title='bbox 3805 3618 3863 3673; x_wconf 89' lang='lat' dir='ltr'><strong>in</strong></span> <span class='ocrx_word' id='word_1_607' title='bbox 3898 3616 4200 3683; x_wconf 77' lang='lat' dir='ltr'><strong>mandatis,</strong></span> 
     </span>
    </p>

    <p class='ocr_par' dir='ltr' id='par_1_17' title="bbox 2548 3687 4201 4050">
     <span class='ocr_line' id='line_1_91' title="bbox 2595 3687 4198 3763; baseline 0 -17"><span class='ocrx_word' id='word_1_608' title='bbox 2595 3707 2703 3746; x_wconf 88' lang='lat' dir='ltr'><strong>uae</strong></span> <span class='ocrx_word' id='word_1_609' title='bbox 2731 3697 2865 3748; x_wconf 84' lang='lat' dir='ltr'><strong>sunt</strong></span> <span class='ocrx_word' id='word_1_610' title='bbox 2900 3689 3219 3763; x_wconf 85' lang='lat' dir='ltr'><strong>excogitata</strong></span> <span class='ocrx_word' id='word_1_611' title='bbox 3253 3689 3326 3743; x_wconf 89' lang='lat' dir='ltr'><strong>ab</strong></span> <span class='ocrx_word' id='word_1_612' title='bbox 3362 3687 3696 3744; x_wconf 84' lang='lat' dir='ltr'><strong>hominibus.</strong></span> <span class='ocrx_word' id='word_1_613' title='bbox 3732 3689 3954 3745; x_wconf 87' lang='lat' dir='ltr'><strong>Bonum</strong></span> <span class='ocrx_word' id='word_1_614' title='bbox 3983 3698 4041 3746; x_wconf 88' lang='lat' dir='ltr'><strong>et</strong></span> <span class='ocrx_word' id='word_1_615' title='bbox 4074 3705 4198 3761; x_wconf 80' lang='lat' dir='ltr'><strong>per·</strong></span> 
     </span>
     <span class='ocr_line' id='line_1_92' title="bbox 2553 3706 4197 3834; baseline 0.001 -17"><span class='ocrx_word' id='word_1_616' title='bbox 2553 3706 2763 3817; x_wconf 47' lang='lat' dir='ltr'><strong>Jectum</strong></span> <span class='ocrx_word' id='word_1_617' title='bbox 2816 3761 2966 3817; x_wconf 84' lang='lat' dir='ltr'><strong>vitae</strong></span> <span class='ocrx_word' id='word_1_618' title='bbox 3020 3777 3200 3834; x_wconf 78' lang='lat' dir='ltr'><strong>genus</strong></span> <span class='ocrx_word' id='word_1_619' title='bbox 3254 3768 3368 3828; x_wconf 88' lang='lat' dir='ltr'><strong>est,</strong></span> <span class='ocrx_word' id='word_1_620' title='bbox 3434 3762 3586 3833; x_wconf 86' lang='lat' dir='ltr'><strong>quod</strong></span> <span class='ocrx_word' id='word_1_621' title='bbox 3650 3758 3825 3817; x_wconf 88' lang='lat' dir='ltr'><strong>habet</strong></span> <span class='ocrx_word' id='word_1_622' title='bbox 3877 3762 4197 3818; x_wconf 84' lang='lat' dir='ltr'><strong>mandatum</strong></span> 
     </span>
     <span class='ocr_line' id='line_1_93' title="bbox 2553 3832 4201 3891; baseline 0 -1"><span class='ocrx_word' id='word_1_623' title='bbox 2553 3833 2684 3891; x_wconf 86' lang='lat' dir='ltr'><strong>Dei.</strong></span> <span class='ocrx_word' id='word_1_624' title='bbox 2774 3832 2865 3888; x_wconf 91' lang='lat' dir='ltr'><strong>De</strong></span> <span class='ocrx_word' id='word_1_625' title='bbox 2919 3832 3010 3887; x_wconf 91' lang='lat' dir='ltr'><strong>his</strong></span> <span class='ocrx_word' id='word_1_626' title='bbox 3062 3833 3236 3888; x_wconf 79' lang='lat' dir='ltr'><strong>rebus</strong></span> <span class='ocrx_word' id='word_1_627' title='bbox 3290 3848 3530 3889; x_wconf 86' lang='lat' dir='ltr'><strong>necesse</strong></span> <span class='ocrx_word' id='word_1_628' title='bbox 3586 3841 3677 3887; x_wconf 88' lang='lat' dir='ltr'><strong>est</strong></span> <span class='ocrx_word' id='word_1_629' title='bbox 3739 3833 4046 3890; x_wconf 87' lang='lat' dir='ltr'><strong>admonere</strong></span> <span class='ocrx_word' id='word_1_630' title='bbox 4098 3832 4201 3890; x_wconf 83' lang='lat' dir='ltr'><strong>ho·</strong></span> 
     </span>
     <span class='ocr_line' id='line_1_94' title="bbox 2548 3902 4200 3993; baseline -0.001 -31"><span class='ocrx_word' id='word_1_631' title='bbox 2548 3907 2750 3962; x_wconf 80' lang='lat' dir='ltr'><strong>mines.</strong></span> <span class='ocrx_word' id='word_1_632' title='bbox 2822 3903 2897 3960; x_wconf 88' lang='lat' dir='ltr'><strong>Et</strong></span> <span class='ocrx_word' id='word_1_633' title='bbox 2930 3912 3061 3961; x_wconf 87' lang='lat' dir='ltr'><strong>ante</strong></span> <span class='ocrx_word' id='word_1_634' title='bbox 3097 3905 3241 3961; x_wconf 88' lang='lat' dir='ltr'><strong>haec</strong></span> <span class='ocrx_word' id='word_1_635' title='bbox 3278 3915 3531 3979; x_wconf 88' lang='lat' dir='ltr'><strong>tempora</strong></span> <span class='ocrx_word' id='word_1_636' title='bbox 3576 3902 3933 3993; x_wconf 86' lang='lat' dir='ltr'><strong>reprehendit</strong></span> <span class='ocrx_word' id='word_1_637' title='bbox 3970 3904 4200 3962; x_wconf 78' lang='lat' dir='ltr'><strong>Ger-son</strong></span> 
     </span>
     <span class='ocr_line' id='line_1_95' title="bbox 2556 3973 4200 4050; baseline 0.001 -17"><span class='ocrx_word' id='word_1_638' title='bbox 2556 3995 2806 4035; x_wconf 88' lang='lat' dir='ltr'><strong>errorem</strong></span> <span class='ocrx_word' id='word_1_639' title='bbox 2852 3974 3260 4033; x_wconf 68' lang='lat' dir='ltr'><strong>monachorum</strong></span> <span class='ocrx_word' id='word_1_640' title='bbox 3305 3977 3378 4033; x_wconf 83' lang='lat' dir='ltr'><strong>tle</strong></span> <span class='ocrx_word' id='word_1_641' title='bbox 3428 3973 3806 4050; x_wconf 74' lang='lat' dir='ltr'><strong>perfectione,</strong></span> <span class='ocrx_word' id='word_1_642' title='bbox 3850 3988 3909 4034; x_wconf 90' lang='lat' dir='ltr'><strong>et</strong></span> <span class='ocrx_word' id='word_1_643' title='bbox 3958 3985 4200 4035; x_wconf 69' lang='lat' dir='ltr'><strong>testatur</strong></span> 
     </span>
    </p>
   </div>
   <div class='ocr_carea' id='block_1_10' title="bbox 946 4047 4200 4124">
    <p class='ocr_par' dir='ltr' id='par_1_18' title="bbox 946 4047 4200 4124">
     <span class='ocr_line' id='line_1_96' title="bbox 946 4047 4200 4124; baseline -0.001 -13"><span class='ocrx_word' id='word_1_644' title='bbox 946 4067 1183 4119; x_wconf 77' lang='lat' dir='ltr'><strong>christum,</strong></span> <span class='ocrx_word' id='word_1_645' title='bbox 1215 4078 1306 4110; x_wconf 81' lang='lat' dir='ltr'><strong>non</strong></span> <span class='ocrx_word' id='word_1_646' title='bbox 1334 4072 1518 4121; x_wconf 78' lang='lat' dir='ltr'><strong>propter</strong></span> <span class='ocrx_word' id='word_1_647' title='bbox 1546 4067 1635 4108; x_wconf 71' lang='lat' dir='ltr'><strong>vua</strong></span> <span class='ocrx_word' id='word_1_648' title='bbox 1662 4072 1814 4109; x_wconf 68' lang='lat' dir='ltr'><strong>nostr·</strong></span> <span class='ocrx_word' id='word_1_649' title='bbox 1849 4067 2041 4122; x_wconf 52' lang='lat' dir='ltr'><strong>merita]</strong></span> <span class='ocrx_word' id='word_1_650' title='bbox 2082 4067 2144 4109; x_wconf 70' lang='lat' dir='ltr'><strong>eto</strong></span> <span class='ocrx_word' id='word_1_651' title='bbox 2177 4065 2317 4108; x_wconf 76' lang='lat' dir='ltr'><strong>Edttt.</strong></span> <span class='ocrx_word' id='word_1_652' title='bbox 2357 4067 2402 4111; x_wconf 81' lang='lat'><strong>2.</strong></span> <span class='ocrx_word' id='word_1_653' title='bbox 2432 4067 2475 4112; x_wconf 83' lang='lat'><strong>3.</strong></span> <span class='ocrx_word' id='word_1_654' title='bbox 2554 4051 2676 4106; x_wconf 87' lang='lat' dir='ltr'><strong>suis</strong></span> <span class='ocrx_word' id='word_1_655' title='bbox 2729 4048 3075 4121; x_wconf 80' lang='lat' dir='ltr'><strong>temporibus</strong></span> <span class='ocrx_word' id='word_1_656' title='bbox 3118 4066 3322 4104; x_wconf 87' lang='lat' dir='ltr'><strong>nouam</strong></span> <span class='ocrx_word' id='word_1_657' title='bbox 3377 4066 3575 4105; x_wconf 84' lang='lat' dir='ltr'><strong>vocem</strong></span> <span class='ocrx_word' id='word_1_658' title='bbox 3618 4047 3828 4118; x_wconf 80' lang='lat' dir='ltr'><strong>fuisse,</strong></span> <span class='ocrx_word' id='word_1_659' title='bbox 3874 4050 4031 4124; x_wconf 80' lang='lat' dir='ltr'><strong>quod</strong></span> <span class='ocrx_word' id='word_1_660' title='bbox 4081 4048 4200 4108; x_wconf 73' lang='lat' dir='ltr'><strong>vita</strong></span> 
     </span>
    </p>
   </div>
   <div class='ocr_carea' id='block_1_11' title="bbox 947 4122 2476 4225">
    <p class='ocr_par' dir='ltr' id='par_1_19' title="bbox 947 4122 2476 4225">
     <span class='ocr_line' id='line_1_97' title="bbox 947 4122 2476 4225; baseline 0.001 -59"><span class='ocrx_word' id='word_1_661' title='bbox 947 4125 1232 4225; x_wconf 42' lang='lat' dir='ltr'><strong>&amp;rinssmlst</strong></span> <span class='ocrx_word' id='word_1_662' title='bbox 1267 4124 1547 4168; x_wconf 79' lang='lat' dir='ltr'><strong>credentibus</strong></span> <span class='ocrx_word' id='word_1_663' title='bbox 1575 4136 1624 4166; x_wconf 82' lang='lat' dir='ltr'><strong>se</strong></span> <span class='ocrx_word' id='word_1_664' title='bbox 1650 4124 1788 4179; x_wconf 85' lang='lat' dir='ltr'><strong>recipi</strong></span> <span class='ocrx_word' id='word_1_665' title='bbox 1814 4125 1864 4167; x_wconf 87' lang='lat' dir='ltr'><strong>in</strong></span> <span class='ocrx_word' id='word_1_666' title='bbox 1893 4125 2083 4180; x_wconf 65' lang='lat' dir='ltr'><strong>mnam</strong></span> <span class='ocrx_word' id='word_1_667' title='bbox 2110 4135 2142 4168; x_wconf 68' lang='grc' dir='ltr'>ι</span> <span class='ocrx_word' id='word_1_668' title='bbox 2166 4122 2268 4168; x_wconf 85' lang='lat' dir='ltr'><strong>Deo</strong></span> <span class='ocrx_word' id='word_1_669' title='bbox 2295 4130 2476 4180; x_wconf 79' lang='lat' dir='ltr'><strong>propter</strong></span> 
     </span>
     <span class='ocr_line' id='line_1_98' title="bbox 1055 4194 1074 4224; baseline 0 0"><span class='ocrx_word' id='word_1_670' title='bbox 1055 4194 1074 4224; x_wconf 85' lang='lat' dir='ltr'><strong>s</strong></span> 
     </span>
    </p>
   </div>
   <div class='ocr_carea' id='block_1_12' title="bbox 828 4249 2476 4427">
    <p class='ocr_par' dir='ltr' id='par_1_20' title="bbox 828 4249 2476 4427">
     <span class='ocr_line' id='line_1_99' title="bbox 828 4249 2475 4312; baseline 0 -16"><span class='ocrx_word' id='word_1_671' title='bbox 828 4253 912 4312; x_wconf 83' lang='grc'><strong>71)</strong></span> <span class='ocrx_word' id='word_1_672' title='bbox 940 4258 1192 4297; x_wconf 84' lang='lat' dir='ltr'><strong>mereantur</strong></span> <span class='ocrx_word' id='word_1_673' title='bbox 1243 4255 1548 4297; x_wconf 72' lang='lat' dir='ltr'><strong>remissionem</strong></span> <span class='ocrx_word' id='word_1_674' title='bbox 1599 4257 1877 4308; x_wconf 72' lang='lat' dir='ltr'><strong>peccatorum</strong></span> <span class='ocrx_word' id='word_1_675' title='bbox 1924 4258 1969 4297; x_wconf 86' lang='lat' dir='ltr'><strong>et</strong></span> <span class='ocrx_word' id='word_1_676' title='bbox 2016 4249 2388 4308; x_wconf 69' lang='lat' dir='ltr'><strong>testificationem,</strong></span> <span class='ocrx_word' id='word_1_677' title='bbox 2431 4259 2475 4297; x_wconf 87' lang='lat' dir='ltr'><strong>et</strong></span> 
     </span>
     <span class='ocr_line' id='line_1_100' title="bbox 945 4309 2473 4368; baseline 0 -15"><span class='ocrx_word' id='word_1_678' title='bbox 945 4313 1066 4367; x_wconf 83' lang='lat' dir='ltr'><strong>quod</strong></span> <span class='ocrx_word' id='word_1_679' title='bbox 1094 4322 1174 4365; x_wconf 87' lang='lat' dir='ltr'><strong>pro</strong></span> <span class='ocrx_word' id='word_1_680' title='bbox 1204 4313 1398 4367; x_wconf 75' lang='lat' dir='ltr'><strong>pcccatis</strong></span> <span class='ocrx_word' id='word_1_681' title='bbox 1427 4310 1735 4368; x_wconf 62' lang='lat' dir='ltr'><strong>satisfaciant]</strong></span> <span class='ocrx_word' id='word_1_682' title='bbox 1768 4312 1832 4355; x_wconf 69' lang='grc' dir='ltr'><strong>εἰσ</strong></span> <span class='ocrx_word' id='word_1_683' title='bbox 1859 4309 1999 4355; x_wconf 76' lang='lat' dir='ltr'><strong>Editt.</strong></span> <span class='ocrx_word' id='word_1_684' title='bbox 2029 4312 2074 4356; x_wconf 79' lang='lat'><strong>2.</strong></span> <span class='ocrx_word' id='word_1_685' title='bbox 2105 4312 2150 4358; x_wconf 76' lang='lat'><strong>3.</strong></span> <span class='ocrx_word' id='word_1_686' title='bbox 2181 4312 2251 4364; x_wconf 82' lang='lat'><strong>4.;</strong></span> <span class='ocrx_word' id='word_1_687' title='bbox 2286 4310 2374 4354; x_wconf 79' lang='lat' dir='ltr'><strong>Ed.</strong></span> <span class='ocrx_word' id='word_1_688' title='bbox 2407 4312 2473 4354; x_wconf 86' lang='lat'><strong>1.:</strong></span> 
     </span>
     <span class='ocr_line' id='line_1_101' title="bbox 944 4368 2476 4427; baseline 0.001 -14"><span class='ocrx_word' id='word_1_689' title='bbox 944 4368 1224 4414; x_wconf 70' lang='lat' dir='ltr'><strong>nfisfaciant</strong></span> <span class='ocrx_word' id='word_1_690' title='bbox 1265 4382 1347 4426; x_wconf 80' lang='lat' dir='ltr'><strong>pro</strong></span> <span class='ocrx_word' id='word_1_691' title='bbox 1389 4371 1609 4427; x_wconf 73' lang='lat' dir='ltr'><strong>peccatis,</strong></span> <span class='ocrx_word' id='word_1_692' title='bbox 1652 4375 1904 4413; x_wconf 59' lang='lat' dir='ltr'><strong>runcantur</strong></span> <span class='ocrx_word' id='word_1_693' title='bbox 1949 4370 2143 4426; x_wconf 65' lang='lat' dir='ltr'><strong>gratiam</strong></span> <span class='ocrx_word' id='word_1_694' title='bbox 2190 4374 2237 4412; x_wconf 79' lang='lat' dir='ltr'><strong>et</strong></span> <span class='ocrx_word' id='word_1_695' title='bbox 2269 4368 2476 4414; x_wconf 56' lang='lat' dir='ltr'><strong>iustine*</strong></span> 
     </span>
    </p>
   </div>
   <div class='ocr_carea' id='block_1_13' title="bbox 826 4434 2476 4671">
    <p class='ocr_par' dir='ltr' id='par_1_21' title="bbox 826 4434 2476 4671">
     <span class='ocr_line' id='line_1_102' title="bbox 826 4434 2476 4558; baseline 0 -14"><span class='ocrx_word' id='word_1_696' title='bbox 826 4500 907 4558; x_wconf 76' lang='lat'><strong>72)</strong></span> <span class='ocrx_word' id='word_1_697' title='bbox 935 4434 1128 4553; x_wconf 51' lang='grc' dir='ltr'><strong>ἓοῃξῖιι,</strong></span> <span class='ocrx_word' id='word_1_698' title='bbox 1174 4500 1249 4554; x_wconf 85' lang='lat' dir='ltr'><strong>qui</strong></span> <span class='ocrx_word' id='word_1_699' title='bbox 1292 4500 1488 4543; x_wconf 73' lang='lat' dir='ltr'><strong>sentiunt</strong></span> <span class='ocrx_word' id='word_1_700' title='bbox 1527 4500 1649 4554; x_wconf 83' lang='lat' dir='ltr'><strong>quod</strong></span> <span class='ocrx_word' id='word_1_701' title='bbox 1689 4504 1941 4544; x_wconf 73' lang='lat' dir='ltr'><strong>mereantur</strong></span> <span class='ocrx_word' id='word_1_702' title='bbox 1975 4522 2034 4533; x_wconf 91' lang='lat'>-</span> <span class='ocrx_word' id='word_1_703' title='bbox 2063 4523 2120 4533; x_wconf 91' lang='lat'><strong>-—</strong></span> <span class='ocrx_word' id='word_1_704' title='bbox 2159 4510 2344 4554; x_wconf 80' lang='lat' dir='ltr'><strong>quorum</strong></span> <span class='ocrx_word' id='word_1_705' title='bbox 2386 4500 2476 4544; x_wconf 72' lang='lat' dir='ltr'><strong>iun</strong></span> 
     </span>
     <span class='ocr_line' id='line_1_103' title="bbox 942 4556 2474 4614; baseline -0.001 -12"><span class='ocrx_word' id='word_1_706' title='bbox 942 4559 1062 4614; x_wconf 69' lang='lat' dir='ltr'><strong>ipsos</strong></span> <span class='ocrx_word' id='word_1_707' title='bbox 1090 4556 1338 4602; x_wconf 78' lang='lat' dir='ltr'><strong>Monachos</strong></span> <span class='ocrx_word' id='word_1_708' title='bbox 1367 4557 1536 4614; x_wconf 63' lang='lat' dir='ltr'><strong>pudet]</strong></span> <span class='ocrx_word' id='word_1_709' title='bbox 1571 4558 1634 4601; x_wconf 72' lang='grc' dir='ltr'><strong>εἰσ</strong></span> <span class='ocrx_word' id='word_1_710' title='bbox 1660 4557 1798 4602; x_wconf 73' lang='lat' dir='ltr'><strong>Edttt.</strong></span> <span class='ocrx_word' id='word_1_711' title='bbox 1835 4560 1881 4605; x_wconf 79' lang='lat'><strong>2.</strong></span> <span class='ocrx_word' id='word_1_712' title='bbox 1920 4558 1965 4604; x_wconf 80' lang='lat'><strong>8.</strong></span> <span class='ocrx_word' id='word_1_713' title='bbox 2003 4558 2079 4612; x_wconf 80' lang='lat'><strong>4.;</strong></span> <span class='ocrx_word' id='word_1_714' title='bbox 2117 4556 2206 4602; x_wconf 76' lang='lat' dir='ltr'><strong>Ed.</strong></span> <span class='ocrx_word' id='word_1_715' title='bbox 2245 4559 2314 4604; x_wconf 89' lang='lat'><strong>1.=</strong></span> <span class='ocrx_word' id='word_1_716' title='bbox 2352 4557 2474 4612; x_wconf 73' lang='lat' dir='ltr'><strong>Ergo</strong></span> 
     </span>
     <span class='ocr_line' id='line_1_104' title="bbox 943 4614 2475 4671; baseline 0 -12"><span class='ocrx_word' id='word_1_717' title='bbox 943 4618 1078 4659; x_wconf 81' lang='lat' dir='ltr'><strong>etiam</strong></span> <span class='ocrx_word' id='word_1_718' title='bbox 1107 4617 1184 4670; x_wconf 84' lang='lat' dir='ltr'><strong>qui</strong></span> <span class='ocrx_word' id='word_1_719' title='bbox 1212 4617 1329 4659; x_wconf 72' lang='lat' dir='ltr'><strong>votis</strong></span> <span class='ocrx_word' id='word_1_720' title='bbox 1357 4616 1583 4660; x_wconf 71' lang='lat' dir='ltr'><strong>iustificari</strong></span> <span class='ocrx_word' id='word_1_721' title='bbox 1620 4618 1791 4671; x_wconf 79' lang='lat' dir='ltr'><strong>volunt,</strong></span> <span class='ocrx_word' id='word_1_722' title='bbox 1833 4638 1892 4649; x_wconf 93' lang='lat'>—</span> <span class='ocrx_word' id='word_1_723' title='bbox 1928 4639 1986 4649; x_wconf 94' lang='lat'>—</span> <span class='ocrx_word' id='word_1_724' title='bbox 2029 4617 2104 4661; x_wconf 81' lang='lat' dir='ltr'><strong>An</strong></span> <span class='ocrx_word' id='word_1_725' title='bbox 2143 4627 2239 4659; x_wconf 86' lang='lat' dir='ltr'><strong>non</strong></span> <span class='ocrx_word' id='word_1_726' title='bbox 2278 4620 2346 4659; x_wconf 70' lang='lat' dir='ltr'><strong>eat</strong></span> <span class='ocrx_word' id='word_1_727' title='bbox 2385 4614 2475 4659; x_wconf 80' lang='lat' dir='ltr'><strong>hoe</strong></span> 
     </span>
    </p>
   </div>
   <div class='ocr_carea' id='block_1_14' title="bbox 942 4672 2475 4780">
    <p class='ocr_par' dir='ltr' id='par_1_22' title="bbox 942 4672 2475 4780">
     <span class='ocr_line' id='line_1_105' title="bbox 942 4672 2475 4780; baseline -0.001 -61"><span class='ocrx_word' id='word_1_728' title='bbox 942 4673 1300 4780; x_wconf 45' lang='lat' dir='ltr'><strong>atisscetionem</strong></span> <span class='ocrx_word' id='word_1_729' title='bbox 1342 4673 1534 4719; x_wconf 63' lang='lat' dir='ltr'><strong>eibum</strong></span> <span class='ocrx_word' id='word_1_730' title='bbox 1577 4674 1811 4731; x_wconf 68' lang='lat' dir='ltr'><strong>operibus?</strong></span> <span class='ocrx_word' id='word_1_731' title='bbox 1856 4673 1971 4730; x_wconf 70' lang='lat' dir='ltr'><strong>(vide</strong></span> <span class='ocrx_word' id='word_1_732' title='bbox 2012 4686 2144 4739; x_wconf 65' lang='lat' dir='ltr'><strong>upra</strong></span> <span class='ocrx_word' id='word_1_733' title='bbox 2165 4723 2169 4727; x_wconf 71' lang='lat'>‚</span> <span class='ocrx_word' id='word_1_734' title='bbox 2178 4686 2228 4732; x_wconf 70' lang='lat' dir='ltr'><strong>p.</strong></span> <span class='ocrx_word' id='word_1_735' title='bbox 2264 4674 2369 4722; x_wconf 79' lang='lat'><strong>81⁷.</strong></span> <span class='ocrx_word' id='word_1_736' title='bbox 2400 4672 2475 4717; x_wconf 70' lang='lat' dir='ltr'><strong>tta.</strong></span> 
     </span>
    </p>
   </div>
   <div class='ocr_carea' id='block_1_15' title="bbox 2553 4119 4226 4339">
    <p class='ocr_par' dir='ltr' id='par_1_23' title="bbox 2553 4119 4226 4339">
     <span class='ocr_line' id='line_1_106' title="bbox 2553 4119 4226 4208; baseline -0.001 -30"><span class='ocrx_word' id='word_1_737' title='bbox 2553 4121 2873 4178; x_wconf 80' lang='lat' dir='ltr'><strong>Monastica</strong></span> <span class='ocrx_word' id='word_1_738' title='bbox 2907 4121 2982 4177; x_wconf 88' lang='lat' dir='ltr'><strong>sit</strong></span> <span class='ocrx_word' id='word_1_739' title='bbox 3018 4130 3201 4177; x_wconf 85' lang='lat' dir='ltr'><strong>status</strong></span> <span class='ocrx_word' id='word_1_740' title='bbox 3232 4119 3615 4208; x_wconf 65' lang='lat' dir='ltr'><strong>per-iectionis.</strong></span> <span class='ocrx_word' id='word_1_741' title='bbox 4221 4193 4226 4197; x_wconf 26' lang='grc' dir='ltr'>Ι</span> 
     </span>
     <span class='ocr_line' id='line_1_107' title="bbox 2699 4191 4199 4267; baseline 0.001 -18"><span class='ocrx_word' id='word_1_742' title='bbox 2699 4192 2838 4249; x_wconf 82' lang='lat' dir='ltr'><strong>Tam</strong></span> <span class='ocrx_word' id='word_1_743' title='bbox 2872 4191 3083 4250; x_wconf 89' lang='lat' dir='ltr'><strong>multae</strong></span> <span class='ocrx_word' id='word_1_744' title='bbox 3118 4194 3318 4264; x_wconf 75' lang='lat' dir='ltr'><strong>impiae</strong></span> <span class='ocrx_word' id='word_1_745' title='bbox 3353 4195 3645 4267; x_wconf 73' lang='lat' dir='ltr'><strong>opiniones</strong></span> <span class='ocrx_word' id='word_1_746' title='bbox 3680 4191 3916 4250; x_wconf 82' lang='lat' dir='ltr'><strong>haerent</strong></span> <span class='ocrx_word' id='word_1_747' title='bbox 3940 4193 4000 4250; x_wconf 86' lang='lat' dir='ltr'><strong>in</strong></span> <span class='ocrx_word' id='word_1_748' title='bbox 4024 4194 4199 4262; x_wconf 67' lang='lat' dir='ltr'><strong>vetit,</strong></span> 
     </span>
     <span class='ocr_line' id='line_1_108' title="bbox 2554 4263 4200 4339; baseline 0.001 -17"><span class='ocrx_word' id='word_1_749' title='bbox 2554 4266 2707 4338; x_wconf 84' lang='lat' dir='ltr'><strong>quod</strong></span> <span class='ocrx_word' id='word_1_750' title='bbox 2740 4274 3060 4322; x_wconf 84' lang='lat' dir='ltr'><strong>mereantur</strong></span> <span class='ocrx_word' id='word_1_751' title='bbox 3094 4265 3484 4323; x_wconf 86' lang='lat' dir='ltr'><strong>remissionem</strong></span> <span class='ocrx_word' id='word_1_752' title='bbox 3516 4274 3876 4339; x_wconf 84' lang='lat' dir='ltr'><strong>peccatorum</strong></span> <span class='ocrx_word' id='word_1_753' title='bbox 3911 4274 3971 4322; x_wconf 84' lang='lat' dir='ltr'><strong>et</strong></span> <span class='ocrx_word' id='word_1_754' title='bbox 4004 4263 4200 4323; x_wconf 75' lang='lat' dir='ltr'><strong>iustifi-</strong></span> 
     </span>
    </p>
   </div>
   <div class='ocr_carea' id='block_1_16' title="bbox 2554 4410 2901 4423">
    <p class='ocr_par' dir='ltr' id='par_1_24' title="bbox 2554 4410 2901 4423">
     <span class='ocr_line' id='line_1_109' title="bbox 2554 4410 2901 4423; baseline 0 0"><span class='ocrx_word' id='word_1_755' title='bbox 2554 4410 2901 4423; x_wconf 95' lang='lat' dir='ltr'><strong> </strong></span> 
     </span>
    </p>
   </div>
   <div class='ocr_carea' id='block_1_17' title="bbox 2550 4507 4257 4789">
    <p class='ocr_par' dir='ltr' id='par_1_25' title="bbox 2550 4507 4257 4789">
     <span class='ocr_line' id='line_1_110' title="bbox 2553 4507 3900 4569; baseline -0.001 -10"><span class='ocrx_word' id='word_1_756' title='bbox 2553 4513 2634 4569; x_wconf 77' lang='lat'><strong>⁷8)</strong></span> <span class='ocrx_word' id='word_1_757' title='bbox 2663 4509 2905 4568; x_wconf 63' lang='lat' dir='ltr'><strong>hominem}</strong></span> <span class='ocrx_word' id='word_1_758' title='bbox 2937 4512 3001 4556; x_wconf 72' lang='lat' dir='ltr'><strong>nie</strong></span> <span class='ocrx_word' id='word_1_759' title='bbox 3027 4510 3168 4556; x_wconf 80' lang='lat' dir='ltr'><strong>Editt.</strong></span> <span class='ocrx_word' id='word_1_760' title='bbox 3196 4513 3240 4558; x_wconf 83' lang='lat'><strong>2.</strong></span> <span class='ocrx_word' id='word_1_761' title='bbox 3270 4512 3314 4559; x_wconf 79' lang='lat'><strong>3.</strong></span> <span class='ocrx_word' id='word_1_762' title='bbox 3344 4513 3418 4566; x_wconf 79' lang='lat'><strong>4.;</strong></span> <span class='ocrx_word' id='word_1_763' title='bbox 3446 4512 3530 4556; x_wconf 71' lang='lat' dir='ltr'><strong>nd.</strong></span> <span class='ocrx_word' id='word_1_764' title='bbox 3563 4515 3633 4558; x_wconf 83' lang='lat'><strong>1.=</strong></span> <span class='ocrx_word' id='word_1_765' title='bbox 3666 4507 3900 4558; x_wconf 63' lang='lat' dir='ltr'><strong>hominen!</strong></span> 
     </span>
     <span class='ocr_line' id='line_1_111' title="bbox 2550 4581 4006 4642; baseline -0.003 -10"><span class='ocrx_word' id='word_1_766' title='bbox 2550 4584 2634 4642; x_wconf 79' lang='lat'><strong>¹74)</strong></span> <span class='ocrx_word' id='word_1_767' title='bbox 2661 4583 2766 4628; x_wconf 64' lang='lat' dir='ltr'><strong>ndat</strong></span> <span class='ocrx_word' id='word_1_768' title='bbox 2794 4584 2843 4628; x_wconf 77' lang='lat' dir='ltr'><strong>tn</strong></span> <span class='ocrx_word' id='word_1_769' title='bbox 2874 4581 3130 4641; x_wconf 50' lang='lat' dir='ltr'><strong>carnum]</strong></span> <span class='ocrx_word' id='word_1_770' title='bbox 3162 4584 3226 4629; x_wconf 71' lang='grc' dir='ltr'><strong>ιεο</strong></span> <span class='ocrx_word' id='word_1_771' title='bbox 3251 4583 3392 4629; x_wconf 69' lang='lat' dir='ltr'><strong>nate.</strong></span> <span class='ocrx_word' id='word_1_772' title='bbox 3421 4584 3464 4631; x_wconf 77' lang='lat'><strong>2.</strong></span> <span class='ocrx_word' id='word_1_773' title='bbox 3492 4586 3536 4631; x_wconf 77' lang='grc'><strong>3.</strong></span> <span class='ocrx_word' id='word_1_774' title='bbox 3560 4583 3633 4641; x_wconf 79' lang='lat'><strong>4.;</strong></span> <span class='ocrx_word' id='word_1_775' title='bbox 3664 4583 3748 4629; x_wconf 72' lang='lat' dir='ltr'><strong>sd.</strong></span> <span class='ocrx_word' id='word_1_776' title='bbox 3782 4584 3851 4631; x_wconf 80' lang='lat'><strong>1.=</strong></span> <span class='ocrx_word' id='word_1_777' title='bbox 3879 4581 4006 4638; x_wconf 67' lang='lat' dir='ltr'><strong>ndei.</strong></span> 
     </span>
     <span class='ocr_line' id='line_1_112' title="bbox 2552 4653 4257 4715; baseline -0.006 -11"><span class='ocrx_word' id='word_1_778' title='bbox 2552 4656 2635 4714; x_wconf 77' lang='lat'><strong>⁷5)</strong></span> <span class='ocrx_word' id='word_1_779' title='bbox 2664 4653 2753 4715; x_wconf 78' lang='lat' dir='ltr'><strong>Ac]</strong></span> <span class='ocrx_word' id='word_1_780' title='bbox 2781 4657 2845 4701; x_wconf 70' lang='grc' dir='ltr'><strong>εἰσ</strong></span> <span class='ocrx_word' id='word_1_781' title='bbox 2869 4655 3008 4700; x_wconf 71' lang='lat' dir='ltr'><strong>Eum.</strong></span> <span class='ocrx_word' id='word_1_782' title='bbox 3038 4657 3081 4704; x_wconf 77' lang='lat'><strong>2.</strong></span> <span class='ocrx_word' id='word_1_783' title='bbox 3108 4657 3151 4703; x_wconf 72' lang='grc' dir='ltr'><strong>Β.</strong></span> <span class='ocrx_word' id='word_1_784' title='bbox 3180 4656 3254 4711; x_wconf 76' lang='lat'><strong>4.;</strong></span> <span class='ocrx_word' id='word_1_785' title='bbox 3283 4655 3370 4701; x_wconf 74' lang='lat' dir='ltr'><strong>Ed.</strong></span> <span class='ocrx_word' id='word_1_786' title='bbox 3396 4658 3465 4704; x_wconf 87' lang='lat'><strong>1.=</strong></span> <span class='ocrx_word' id='word_1_787' title='bbox 3494 4656 3660 4700; x_wconf 77' lang='lat' dir='ltr'><strong>Verum</strong></span> <span class='ocrx_word' id='word_1_788' title='bbox 3924 4693 3976 4701; x_wconf 46' lang='lat' dir='ltr'><strong><em>p</em></strong></span> <span class='ocrx_word' id='word_1_789' title='bbox 4250 4688 4257 4694; x_wconf 96' lang='lat'>.</span> 
     </span>
     <span class='ocr_line' id='line_1_113' title="bbox 2552 4726 4152 4789; baseline -0.001 -13"><span class='ocrx_word' id='word_1_790' title='bbox 2552 4728 2634 4785; x_wconf 78' lang='lat'><strong>⁷6)</strong></span> <span class='ocrx_word' id='word_1_791' title='bbox 2661 4726 2840 4788; x_wconf 70' lang='lat' dir='ltr'><strong>nen-t]</strong></span> <span class='ocrx_word' id='word_1_792' title='bbox 2869 4728 2934 4774; x_wconf 64' lang='grc' dir='ltr'><strong>σεο</strong></span> <span class='ocrx_word' id='word_1_793' title='bbox 2957 4728 3098 4774; x_wconf 62' lang='lat' dir='ltr'><strong>me</strong></span> <span class='ocrx_word' id='word_1_794' title='bbox 3128 4730 3172 4778; x_wconf 88' lang='lat'><strong>1.</strong></span> <span class='ocrx_word' id='word_1_795' title='bbox 3199 4729 3246 4778; x_wconf 75' lang='lat' dir='ltr'><strong>a.</strong></span> <span class='ocrx_word' id='word_1_796' title='bbox 3274 4728 3460 4785; x_wconf 56' lang='lat'><strong>441⁶.</strong></span> <span class='ocrx_word' id='word_1_797' title='bbox 3488 4729 3533 4777; x_wconf 80' lang='lat' dir='ltr'><strong>a.</strong></span> <span class='ocrx_word' id='word_1_798' title='bbox 3562 4734 3731 4789; x_wconf 64' lang='lat' dir='ltr'><strong>m.</strong></span> <span class='ocrx_word' id='word_1_799' title='bbox 3759 4740 3927 4774; x_wconf 70' lang='lat' dir='ltr'><strong>amm</strong></span> <span class='ocrx_word' id='word_1_800' title='bbox 3953 4727 4152 4774; x_wconf 67' lang='lat' dir='ltr'><strong>neum</strong></span> 
     </span>
    </p>
   </div>
  </div>
 </body>
</html>
