4966 5577
807 638 810 641 ·
872 613 950 669 99
1599 613 1789 667 PfflL.
1825 612 2000 668 MEL.
2038 612 2353 669 SCRIPTA
2387 568 2842 669 ΒΟΠτΜΑΤΙΟΑΙ
2875 613 2970 668 ΕΤ
3006 613 3464 669 SYMBOLICA.
4127 618 4234 674 100

874 778 1000 824 rent.
1073 769 1301 822 Volebat
1327 771 1485 838 primo
1523 767 1812 837 Imperator,
1848 775 1907 820 ut
1941 768 2029 820 illa
2064 770 2165 820 sibi
2203 771 2252 821 in
2289 788 2469 821 manus
2506 771 2803 831 traderetur,
2833 788 2924 839 per
2960 772 3116 823 otium
3150 773 3497 832 examinanda,
3527 778 3686 839 utque
3715 764 4032 839 postmodum
4070 774 4135 826 de
4173 793 4238 828 ea

877 862 992 896 cum
1026 843 1381 901 Electoribus‚
1412 839 1734 910 Principibus
1791 848 1843 892 et
1879 839 2199 893 Consiliariis
2257 843 2369 893 suis
2427 842 2705 894 deliberare
2772 849 2970 910 posset.
3045 838 3274 894 Tandem
3322 862 3470 904 vero,
3527 850 3582 895 ut
3635 862 3835 895 omnem
3892 849 4236 914 conquerendi

877 933 1085 968 causam
1123 914 1454 983 praecideret,
1493 930 1714 964 annuere
1749 914 1924 980 petitis
1965 913 2205 970 decrevit;
2249 921 2300 965 et
2336 914 2469 964 diem
2508 920 2811 982 sequentem
2841 915 2905 965 iis
2937 916 3235 981 assignavit,
3267 933 3369 982 quo
3408 917 3455 966 in
3489 916 3763 968 coenaculo
3783 916 3956 985 palatii
3975 919 4078 979 sui,
4119 937 4235 971 con·

877 989 1103 1055 gregatis
1133 987 1415 1049 ordinibus,
1453 986 1704 1036 audienda
1739 985 1919 1043 forent,
1953 1003 2084 1053 quae
2113 985 2413 1052 proferenda
2448 986 2708 1037 haberent.

1136 1058 1226 1109 Sic
1257 1058 1339 1109 die
1378 1058 1599 1118 Saturni,
1639 1058 1724 1123 qui
1763 1062 1871 1107 erat
1901 1059 1984 1111 25.
2021 1056 2165 1115 lunii,
2202 1056 2411 1109 Elector
2448 1057 2720 1117 Saxoniae,
2757 1074 2869 1108 cum
2900 1055 3048 1108 Duce
3084 1058 3311 1109 Iohanne
3339 1058 3631 1119 Friderico,
3672 1060 3776 1111 filio
3813 1078 3928 1120 suo,
3968 1068 4021 1112 et
4049 1062 4234 1130 reliqui

771 1184 777 1191 ,
877 1133 1100 1199 quinque
1137 1129 1404 1197 Principes
1442 1128 1814 1187 Protestantes,
1853 1129 2139 1196 Legatique
2174 1127 2631 1195 Norimbergenses
2669 1135 2720 1180 et
2748 1128 3170 1195 Reutlingenses‚
3211 1131 3358 1181 tertia
3392 1136 3514 1197 post
3548 1133 3807 1185 meridiem
3863 1132 4011 1192 hora,
4064 1152 4234 1186 coram

874 1201 1181 1271 Imperatore
1211 1207 1608 1269 comparuerunt,
1646 1217 1823 1251 secum
1859 1199 2110 1251 babentes
2149 1198 2545 1252 Confessionem
2584 1200 2882 1251 Germanice
2921 1206 2976 1252 et
3009 1202 3190 1252 Latine
3219 1203 3486 1270 scriptam,
3525 1204 3574 1253 in
3608 1220 3708 1270 qua
3745 1204 3971 1255 articulis
4006 1204 4234 1257 xxviii

876 1276 1278 1339 continebantur,
1307 1290 1439 1340 quae
1477 1274 1611 1324 circa
1640 1272 1789 1322 fidem
1828 1278 1882 1323 et
1919 1271 2238 1339 disciplinam
2273 1274 2551 1331 crederent,
2589 1273 2775 1323 additis
2814 1273 3225 1332 auctoritatibus,
3265 1275 3453 1340 quibus
3489 1281 3694 1326 asserta
3721 1293 3819 1326 sua
3855 1277 4231 1331 confirmabant.

874 1345 1113 1399 Latinum
1153 1344 1409 1413 exemplar
1427 1343 1689 1395 Pontanus
1719 1359 1872 1395 manu
1899 1344 2123 1410 gerebat,
2154 1344 2509 1395 Germanicum
2531 1343 2854 1395 Christianus
2884 1344 3123 1405 BaieruS‚
3155 1344 3283 1396 alter
3312 1344 3568 1397 Electoris
3591 1344 3959 1407 cancellarius,
4000 1351 4226 1402 tenebat.

872 1418 1148 1485 Imperator
1183 1418 1417 1468 Latinum
1454 1416 1679 1484 praelegi
1718 1415 1947 1475 volebat;
1984 1416 2082 1465 sed
2118 1433 2182 1466 ex
2218 1415 2474 1467 Electoris
2509 1424 2629 1467 voto
2661 1415 3014 1467 Germanicum
3053 1434 3084 1466 a
3119 1416 3304 1467 Baiero
3342 1417 3485 1468 tarda
3520 1424 3573 1469 et
3610 1419 3711 1471 alta
3748 1437 3875 1470 voce
3920 1420 4232 1487 praelectum

875 1499 959 1542 est
997 1507 1109 1540 cum
1140 1489 1421 1540 incredibili
1474 1488 1870 1539 protestantium
1907 1488 2122 1553 gaudio,
2172 1490 2257 1554 qui
2306 1488 2403 1538 hoc
2452 1487 2585 1539 facto
2631 1487 2934 1554 triumphum
2980 1489 3239 1539 doctrinae
3284 1506 3414 1539 suae
3463 1491 3641 1556 egisse
3690 1492 3792 1542 sibi
3836 1493 4230 1558 persuadebant.

873 1563 980 1613 sod
1018 1579 1134 1612 mox
1165 1563 1412 1628 apparuit,
1450 1577 1544 1610 eos
1583 1560 1786 1625 egregie
1826 1558 1989 1609 falsos
2039 1575 2174 1609 esse.
2250 1557 2530 1625 Postquam
2570 1561 2701 1610 enim
2739 1577 2771 1609 a
2799 1559 3111 1611 Ductoribus
3152 1558 3435 1611 Catholicis
3480 1565 3764 1613 examinata
3810 1564 4033 1615 fuissent
4061 1568 4236 1617 omnia

874 1634 1112 1700 dogmata
1147 1633 1399 1684 haeretica
1437 1635 1485 1682 in
1524 1631 1621 1681 hac
1641 1630 1982 1683 Oonsessione
2019 1637 2274 1690 contenta,
2312 1638 2364 1681 et
2394 1628 2777 1682 Confutatio
2827 1634 3128 1699 composita,
3160 1633 3309 1682 iussu
3345 1629 3667 1700 Imperatoris
3708 1635 3758 1685 d.
3800 1638 3849 1686 3.
3887 1635 4138 1702 Augusti,
4176 1638 4229 1687 in

872 1705 1025 1773 pleno
1058 1722 1315 1755 consessu
1349 1703 1621 1771 praelecta,
1653 1708 1705 1753 ct
1733 1703 1924 1769 rogatis
1964 1703 2250 1762 sententiiS,
2288 1703 2351 1752 ab
2401 1703 2635 1754 omnibus
2674 1700 2976 1762 Catholicis,
3024 1704 3110 1770 qui
3157 1701 3513 1755 Protestantes
3565 1723 3771 1757 numero
3821 1706 3974 1773 longe
4021 1724 4231 1775 supera-

871 1777 1010 1838 bant,
1049 1777 1325 1845 approbata
1361 1781 1525 1840 esset,
1563 1791 1843 1825 conversus
1874 1775 1938 1824 ad
1968 1772 2257 1825 Electorem
2288 1775 2539 1829 Saxoniae
2577 1780 2630 1824 et
2665 1772 2930 1842 Principes
2962 1777 3138 1826 socios
3175 1773 3447 1842 Imperator
3485 1776 3624 1837 dixit,
3664 1784 3896 1845 oport-ere
3934 1796 4027 1830 eos
4039 1816 4054 1840 ,
4095 1797 4228 1847 quae

872 1848 1012 1900 lecta
1040 1849 1277 1910 fuissent,
1315 1846 1605 1915 approbare,
1645 1848 1781 1897 sicut
1817 1845 1968 1909 alios,
2005 1851 2058 1896 et
2086 1844 2344 1912 suffragiis
2375 1846 2715 1897 comitialibus
2755 1847 2954 1898 cedere.
3029 1846 3105 1897 llli
3144 1864 3263 1898 vero
3309 1847 3596 1915 exemplum
3634 1850 3807 1917 scripti
3846 1850 3951 1900 dari
4002 1851 4101 1902 sibi
4141 1868 4227 1919 pe-

873 1923 1078 1981 tierunt,
1111 1920 1245 1987 quod
1277 1921 1487 1988 primum
1517 1934 1668 1984 aegre
1706 1918 2006 1977 admissum,
2038 1918 2239 1968 tandem
2276 1924 2443 1969 tamen
2476 1934 2536 1968 ea
2575 1918 2862 1968 conditione
2894 1935 3198 1970 concessum
3238 1919 3346 1979 suit,
3396 1925 3454 1971 ut
3490 1922 3717 1986 privatim
3760 1920 4034 1989 perlectum
4065 1921 4227 1991 Impe-

872 1994 1021 2046 ratori
1060 1993 1343 2051 redderent,
1381 2007 1548 2056 neque
1587 2007 1699 2041 cum
1738 1989 1854 2040 aliis
1894 1990 2334 2043 communicarent.
2402 1988 2653 2041 indultum
2683 1989 2781 2041 hoc
2813 1990 2930 2051 suit3
2970 1990 3308 2041 conditionem
3347 1998 3513 2043 tamen
3552 1993 3800 2045 adiectam
3830 1995 3960 2045 satis
3988 1994 4226 2046 ferociter

869 2066 1169 2123 reiecerunt,
1210 2070 1262 2116 et
1296 2062 1664 2129 Landgravius‚
1699 2078 1796 2111 non
1828 2062 1990 2129 petita
2023 2062 2188 2121 venia,
2224 2061 2465 2128 Augusta
2500 2061 2760 2113 discessit.

1128 2135 1238 2186 Sed
1274 2133 1539 2201 Principes
1570 2130 1843 2193 Catholici,
1880 2137 2149 2200 sperantes
2187 2135 2356 2183 reduci
2387 2150 2481 2183 eos
2527 2149 2720 2200 posse,
2761 2135 2806 2183 si
2850 2135 2897 2184 in
2937 2150 3219 2201 congressu
3263 2133 3552 2202 particulari
3602 2151 3716 2186 cum
3762 2136 3826 2186 iis
3871 2142 4119 2203 ageretur,
4157 2139 4225 2190 ab

866 2207 1171 2276 Imperatore
1209 2208 1543 2266 obtinuerunt,
1580 2211 1636 2256 ut
1672 2204 1868 2271 aliquot
1895 2204 2082 2255 delecti
2120 2205 2282 2255 amice
2313 2221 2423 2255 cum
2461 2206 2526 2255 iis
2558 2204 2857 2256 conferrent.
2931 2203 3061 2256 Cum
3099 2205 3420 2266 Melanthon,
3461 2205 3532 2257 nil
3570 2207 3666 2257 nisi
3716 2209 4031 2261 concordiam
4082 2215 4135 2261 et
4171 2210 4226 2261 fi·

868 2297 982 2332 nem
1021 2281 1470 2331 controversiarum
1508 2278 1749 2344 cupiens,
1788 2277 1837 2326 in
1875 2275 2168 2342 colloquiis,
2200 2292 2329 2344 quae
2368 2276 2451 2326 die
2491 2280 2536 2328 7.
2553 2277 2777 2343 Augusti
2807 2283 2860 2328 et
2886 2277 3224 2344 sequentibus
3264 2278 3449 2329 diebus
3488 2280 3893 2341 instituebantur,
3931 2281 4031 2331 iam
4065 2281 4226 2335 multa

864 2351 1128 2420 plerisque
1172 2367 1236 2401 ex
1280 2352 1393 2401 suis
1431 2366 1529 2400 non
1569 2348 1824 2416 placentia
1858 2349 2238 2406 cor-cessisset,
2283 2349 2475 2399 vetitus
2516 2355 2624 2408 est,
2674 2365 2739 2399 ne
2785 2348 2915 2401 ultra
2945 2349 3179 2411 cederet3
3218 2355 3371 2417 atque
3419 2351 3488 2401 ita
3533 2349 3843 2419 colloquium
3894 2354 4027 2405 circa
4071 2353 4224 2406 finem

867 2425 1093 2491 Augusti
1128 2424 1325 2474 mensis
1362 2423 1550 2472 exitum
1579 2421 1771 2481 habuit,
1808 2419 2037 2487 nihilque
2068 2419 2364 2471 conclusum
2402 2425 2500 2471 est.

1124 2493 1319 2546 Verum
1356 2490 1646 2560 Imperator,
1685 2509 1799 2543 cum
1834 2508 2004 2558 neque
2032 2507 2213 2558 preces
2250 2508 2418 2558 neque
2448 2492 2714 2559 promissa,
2754 2509 2919 2559 neque
2959 2508 3090 2557 quae
3122 2493 3185 2544 ad
3224 2494 3503 2544 movendos
3539 2492 3661 2546 illos
3698 2495 3853 2555 serio,
3891 2500 3946 2548 et
3980 2513 4042 2546 se
4077 2513 4221 2563 prae·

867 2571 1035 2626 sente,
1065 2583 1157 2634 per
1183 2582 1413 2616 mensem
1444 2563 1794 2633 Septembrem
1830 2565 2093 2631 proposita
2128 2562 2374 2622 fuissent,
2424 2565 2694 2630 quicquam
2742 2564 2809 2614 ad
2835 2564 3170 2631 [reducendos
3209 2582 3303 2616 eos
3353 2565 3420 2616 ad
3456 2565 3608 2617 iidem
3647 2565 3921 2618 Ecclesiae
3956 2566 4221 2620 Romanae

865 2638 1152 2706 profecisse
1181 2638 1391 2696 videret,
1432 2636 1683 2688 communi
1719 2635 1929 2686 aliorum
1965 2633 2254 2702 Principum
2292 2651 2551 2686 consensu
2580 2634 2839 2686 decretum
2879 2635 3017 2695 fecit,
3056 2643 3110 2689 et
3145 2637 3229 2688 die
3270 2638 3355 2687 22.
3394 2639 3508 2688 eius
3545 2640 3760 2697 mensis,
3790 2637 4020 2691 Electori
4056 2638 4223 2691 Saxo-

866 2712 981 2762 niae
1017 2716 1071 2762 et
1106 2708 1516 2761 Protestautibus
1553 2709 1730 2767 sociiS‚
1771 2723 2049 2774 eorumque
2085 2705 2338 2773 delegatis
2367 2706 2560 2758 recitari
2599 2707 2756 2757 iussit
2784 2706 2884 2758 hoc
2934 2723 3121 2759 sensu:
3165 2707 3522 2776 Imperatorem
3562 2714 3765 2779 tempus
3813 2710 3922 2762 illis
3961 2728 4129 2780 usque
4157 2711 4226 2763 ad

866 2782 918 2835 d.
937 2784 1020 2835 15.
1035 2781 1228 2851 Aprilis
1254 2785 1403 2834 1531.
1425 2779 1720 2838 concedere,
1759 2780 1888 2830 intra
1905 2778 2044 2846 quod
2072 2778 2438 2849 profiterentur,
2476 2794 2596 2830 uum
2615 2779 2665 2829 in
2704 2779 2938 2832 omuibus
2964 2779 3082 2831 iidei
3104 2779 3387 2832 catholicae
3424 2781 3680 2848 capitibus
3712 2784 4001 2835 consentire
4029 2782 4226 2836 vellent

866 2871 980 2906 cum
1016 2850 1338 2922 Principibus
1375 2852 1594 2921 aliisque
1631 2851 1870 2902 membris
1906 2849 2124 2917 Imperii,
2163 2851 2250 2918 qui
2288 2867 2460 2902 eorum
2499 2847 2893 2902 Confessionem
2922 2856 3046 2920 post
3074 2851 3295 2920 diligens
3326 2870 3536 2905 examen
3555 2852 3844 2922 lectamque
3871 2853 4227 2906 refutationem

861 2927 1194 2980 communiter
1222 2926 1544 2983 reiecissenss
1588 2929 1643 2974 et
1678 2939 1739 2973 an
1778 2923 2103 2974 renuntiaturi
2142 2929 2323 2973 essent
2349 2920 2595 2982 articulis,
2626 2924 2675 2972 iu
2715 2923 2903 2988 quibus
2939 2923 3108 2975 adhuc
3143 2917 3505 2993 discreparent,
3535 2925 3672 2977 sicut
3719 2927 3783 2977 ab
3820 2923 3937 2976 aliis
3987 2926 4036 2976 in
4070 2923 4225 2977 collo·

865 2998 988 3065 quio
1018 3014 1082 3048 ea
1115 2997 1182 3048 de
1218 3012 1375 3047 causa
1403 2995 1578 3046 habito
1616 2994 1952 3046 destitissent.
2025 2992 2206 3045 Vetari
2237 2999 2431 3054 autern,
2470 3011 2535 3044 ne
2580 2995 2710 3045 intra
2745 3001 2950 3064 tempus
2996 2995 3100 3048 hoe
3146 2996 3392 3048 indultum
3439 2997 3706 3063 quicquam
3760 2997 4080 3055 innovarent,
4126 3014 4228 3048 nec
4310 3024 4315 3029 -

865 3071 1007 3138 typis
1036 3067 1260 3120 mandari
1297 3069 1659 3135 permitterent,
1698 3066 1817 3117 fidei
1853 3065 2125 3117 Ecclesiae
2164 3062 2463 3117 Catholicae
2500 3071 2552 3117 et
2581 3064 2842 3117 Romanae
2879 3069 3196 3119 contrarium.
3269 3066 3454 3135 Neque
3501 3068 3722 3135 permitti
3767 3067 3898 3131 illis,
3945 3073 4003 3119 ut
4048 3085 4227 3137 quem-

866 3157 1040 3208 quam,
1076 3139 1497 3208 quemadmodum
1526 3138 1798 3206 hucusque
1835 3133 2100 3197 fecissent,
2131 3138 2198 3188 ad
2232 3143 2428 3189 sectam
2466 3154 2615 3188 suam
2660 3137 2982 3207 pellicerent,
3033 3156 3200 3207 neque
3230 3137 3562 3200 Catholicos,
3592 3139 3717 3191 licet
3752 3141 3852 3192 sibi
3897 3139 4155 3201 subditos,
4194 3156 4229 3191 a

864 3211 1028 3266 libero
1063 3213 1302 3280 antiquae
1338 3210 1599 3277 religionis
1634 3210 1875 3262 exercitio
1913 3211 1963 3261 in
2001 3210 2279 3262 ditionibus
2308 3211 2422 3261 suis
2458 3216 2701 3271 arcerent,
2739 3216 2827 3262 aut
2863 3207 3173 3263 Sacerdotes
3209 3216 3264 3264 et
3295 3210 3585 3264 Monachos
3630 3211 3681 3263 iu
3720 3210 4062 3264 celebratione
4097 3210 4228 3262 Mis·

864 3301 961 3338 sae
991 3289 1045 3337 et
1077 3283 1487 3336 administrandis
1517 3299 1632 3333 cum
1667 3280 1829 3334 libera
1857 3287 2113 3349 potestate
2141 3282 2485 3334 sacramentis
2524 3281 2839 3351 impedirent,
2896 3283 3118 3351 denique
3164 3288 3222 3335 ut
3252 3300 3367 3336 curn
3414 3286 3601 3336 ceteris
3637 3281 3961 3352 Principibus
4007 3301 4226 3336 commu·

864 3358 1018 3410 nibus
1054 3357 1248 3407 viribus
1282 3356 1649 3422 Anabaptistas
1684 3360 1739 3406 et
1773 3354 2203 3406 Sacramentarios
2240 3371 2306 3404 ex
2348 3353 2562 3422 imperio
2599 3356 3001 3407 exterminarent.
3094 3351 3359 3417 Ceterum,
3418 3356 3539 3422 quia
3571 3355 3876 3422 longissimo
3907 3361 4133 3422 tempore
4168 3354 4227 3407 li·

866 3427 1048 3482 berum
1088 3435 1140 3480 et
1176 3426 1463 3479 universale
1497 3424 1783 3478 Concilium
1821 3443 1919 3477 non
1952 3426 2142 3477 fixisset
2177 3426 2419 3486 habitum,
2457 3426 2602 3477 multi
2639 3432 2804 3479 tamen
2835 3429 3033 3478 abusus
3072 3429 3120 3477 in
3160 3432 3299 3481 statu
3334 3427 3694 3480 ecclesiastico
3745 3433 3797 3478 et
3837 3426 4047 3495 politico
4083 3442 4227 3495 repe-

867 3502 1098 3560 rirentur,
1135 3501 1222 3567 qui
1259 3500 1551 3551 necessario
1588 3497 1869 3566 corrigendi
1899 3504 2096 3559 esseut,
2135 3496 2506 3565 Imperatorem,
2540 3500 2628 3566 qui
2665 3516 2778 3550 cum
2816 3496 3065 3551 Pontifice
3104 3498 3170 3550 de
3206 3501 3411 3567 negotio
3449 3500 3547 3550 hoc
3584 3500 3785 3549 iamiam
3822 3504 4121 3558 tractasset,
4161 3514 4231 3550 ex

866 3571 1085 3625 consilio
1121 3569 1432 3631 Electorum,
1469 3569 1760 3639 Principum
1798 3576 1852 3622 et
1886 3569 2133 3622 Ordinum
2171 3568 2369 3638 Imperii
2399 3571 2724 3633 decrevisse,
2765 3570 2900 3638 apud
2935 3569 3260 3633 Pontificem,
3308 3569 3488 3637 Reges
3520 3575 3573 3622 et
3588 3568 3740 3637 ‚alios
3774 3568 4044 3638 Principes
4082 3566 4228 3620 Chri·

863 3646 1063 3698 stianos
1094 3660 1296 3713 operam
1332 3642 1641 3710 impendere,
1677 3648 1736 3693 ut
1771 3642 1898 3693 illud
1931 3642 2062 3693 intra
2096 3657 2193 3693 sex
2226 3658 2436 3693 menses
2474 3659 2507 3693 a
2541 3643 2638 3693 fine
2670 3641 3000 3694 Comitiorum
3036 3642 3213 3693 horum
3250 3641 3613 3710 Imperialium,
3648 3642 3765 3693 loco
3804 3641 4068 3693 commodo
4100 3641 4230 3693 indi-

867 3723 1083 3781 ceretur,
1121 3718 1248 3768 intra
1282 3732 1465 3767 annum
1501 3720 1624 3782 post
1652 3714 2066 3766 convocationem
2104 3714 2410 3768 habendum.
2859 3752 2863 3756 -

1124 3787 1393 3857 Principes
1437 3785 1793 3838 Protestantes
1833 3786 2159 3838 vehementer
2212 3786 2313 3838 hoc
2367 3787 2574 3839 decreto
2626 3786 2832 3837 minime
2869 3789 3169 3853 exspectato
3208 3786 3382 3848 territi,
3437 3785 3521 3838 die
3558 3787 3796 3854 sequenti
3831 3786 3926 3854 Ap
3941 3784 4231 3851 ologiam

867 3857 1328 3928 Confessionis
1363 3875 1490 3910 suae
1528 3875 1561 3909 a
1593 3857 1925 3911 Melantboue
1963 3860 2295 3925 compositam
2307 3858 2364 3928 ’)
2401 3857 2693 3926 Imperatori
2729 3858 2778 3908 d.
2820 3860 2905 3908 22.
2944 3856 3090 3924 Sept.
3125 3863 3465 3924 porrexerunt.
3539 3857 3649 3910 Sed
3685 3875 3797 3909 cum
3845 3872 3957 3908 eam
3995 3873 4061 3907 ne
4097 3857 4231 3907 acci·

864 3927 989 4003 pere
1026 3932 1232 4001 quidem
1262 3930 1438 3992 vellet,
1470 3937 1524 3982 et
1558 3931 1834 3998 significari
1862 3930 2074 3990 iuberet,
2112 3932 2159 3980 si
2191 3947 2289 3982 non
2328 3932 2548 3983 contenti
2585 3936 2767 3983 essent
2801 3928 2902 3982 hoc
2932 3931 3156 3992 decreto,
3194 3931 3245 3981 in
3275 3947 3378 3998 quo
3409 3928 3535 3982 nihil
3564 3935 3848 3981 mutaturus
3880 3933 4044 3988 esset,
4074 3927 4230 3979 vehe-

864 4006 1088 4057 mentius
1125 4004 1264 4056 aliud
1300 4021 1363 4056 se
1399 4002 1505 4054 illis
1536 4002 1933 4073 publicaturum:
1972 4002 2092 4070 ipsi,
2131 4002 2443 4053 obfirmatum
2471 4002 2613 4054 illum
2650 4003 2702 4053 in'
2729 4003 2994 4071 proposito
3024 4019 3123 4053 suo
3159 4001 3412 4064 videntes,
3449 4007 3750 4061 statuerunt,
3789 4018 3847 4053 se
3885 4001 4088 4052 decreto
4126 4016 4230 4051 nou

865 4093 994 4129 esse
1024 4077 1291 4146 parituros,
1324 4075 1485 4128 multa
1513 4081 1678 4128 tamen
1711 4092 1824 4128 cum
1853 4073 2176 4126 venei-atione
2203 4072 2524 4142 Imperatoris
2560 4075 2805 4133 dixerunt,
2844 4073 3000 4134 nolle,
3029 4091 3090 4125 se
3120 4091 3234 4125 cum
3264 4074 3313 4125 in
3343 4073 3597 4126 sententia
3633 4072 3774 4124 illum
3819 4074 4101 4140 persistere
4125 4071 4231 4123 ani·

865 4148 1256 4209 madverterent,
1285 4150 1336 4199 in
1373 4147 1473 4200 hoc
1510 4148 1714 4216 negotio
1752 4146 2039 4198 molestiam
2069 4147 2117 4197 ei
2155 4147 2376 4216 amplius
2413 4146 2672 4207 exhibere,
2709 4146 2805 4197 sed
2835 4146 3178 4213 providentiae
3216 4144 3415 4196 divinae
3453 4162 3558 4196 rem
3588 4145 3920 4198 committere.
3992 4144 4083 4195 Sic
4119 4147 4232 4212 p'er-

1051 4441 1092 4497 ')
1120 4445 1388 4498 exceperant
1414 4442 1603 4498 qnidam,
1652 4442 1755 4487 dum
1788 4442 2031 4487 confutatio
2080 4453 2107 4486 a
2134 4442 2362 4494 theologis
2409 4440 2638 4486 Pontificiis
2679 4440 3027 4494 praelegantur,
3069 4439 3302 4493 praecipua
3350 4439 3445 4483 eius
3488 4440 3705 4484 contenta.
3760 4438 3824 4484 Ad
3851 4438 3937 4484 ista
3964 4437 4230 4493 Melanthea,

1126 4512 1387 4556 quamquam
1416 4500 1505 4554 legi
1534 4500 1880 4544 confutationem
1912 4501 2004 4554 ipse
2032 4509 2120 4544 non
2148 4500 2401 4552 audivisset,
2432 4498 2771 4550 communicatis,
2798 4501 2848 4543 ut
2874 4498 2918 4542 in
2947 4497 3178 4552 apologiae
3218 4496 3491 4542 Praefatione
3521 4497 3766 4550 profitetur,
3795 4505 3893 4541 cum
3923 4497 4021 4541 aliis
4048 4495 4231 4540 Theolo-

1125 4561 1193 4614 εἰς
1223 4560 1437 4613 consiliis,
1466 4568 1723 4612 responsum
1758 4558 2019 4611 composuit,
2048 4558 2179 4611 idque
2209 4558 2384 4603 caesari
2422 4558 2638 4611 omnuim,
2687 4557 2767 4602 sed
2805 4558 3054 4601 recusatum
3098 4554 3193 4601 ruit.
3251 4556 3310 4599 Eo
3354 4558 3499 4602 antem
3537 4555 3683 4609 istyio,
3722 4563 3806 4609 quo
3854 4554 3937 4599 iiia.
3966 4554 4226 4608 Apologia

1129 4619 1349 4671 Augustae
1378 4616 1538 4670 scripta
1565 4619 1674 4664 erat.
1703 4614 1824 4660 edita
1852 4625 1939 4661 non
1968 4618 2052 4669 est,
2081 4615 2162 4660 sed
2192 4615 2281 4669 tali,
2309 4615 2482 4669 qualem
2510 4614 2756 4660 Melanthea
2804 4613 3003 4668 sequenti
3045 4623 3160 4659 anno
3196 4614 3320 4658 158¹.
3368 4616 3464 4667 post
3501 4613 3761 4658 revisionem
3793 4611 4007 4665 formavit,
4035 4616 4084 4655 ut
4110 4611 4230 4654 idem

1125 4677 1171 4721 in
1199 4676 1275 4721 ills
1302 4673 1573 4729 praefatione
1601 4673 1755 4727 refert,
1786 4673 2000 4728 simulque
2028 4673 2204 4728 indicat,
2233 4672 2577 4718 confutationem
2607 4673 2748 4728 ipsam
2776 4680 2804 4715 ι
2833 4681 2884 4716 se
2912 4673 3065 4726 postea
3094 4672 3234 4717 visam
3274 4682 3392 4725 esse,
3421 4680 3549 4726 quam
3581 4670 3682 4715 dicit
3710 4668 3820 4715 adeo
3849 4668 4053 4715 insidiose
4083 4672 4129 4714 et
4156 4678 4230 4714 ea·

1127 4734 1340 4779 lumniose
1370 4733 1666 4789 compositam,
1696 4735 1743 4776 ut
1774 4731 1931 4776 fallere
1962 4730 2093 4776 etiam
2123 4732 2273 4775 canios
2303 4730 2347 4775 in
2375 4730 2635 4785 quibusdam
2662 4730 2770 4775 iocis
2797 4729 2950 4784 possit.
