4966 5577
879 539 993 599 355

827 705 838 713 “
884 696 1019 753 olim
1074 677 1323 759 suerunt,
1383 688 1725 748 Manichaei,
1783 677 2208 754 Enthusiastae‚
2267 696 2323 742 et
2373 703 2524 739 nunc

886 778 1019 824 sunit
1056 766 1478 834 Anabaptistae.
1553 761 1881 816 Huiusmodi
1926 759 2149 814 furores
2199 766 2525 812 constanter

796 839 800 843 ’
892 841 1247 901 damnamus,
1302 833 1549 890 Abolent
1588 834 1730 887 enim
1767 849 1958 888 verum
2010 848 2169 886 vsum
2220 831 2378 884 verbi
2418 828 2525 883 Dei

887 920 945 966 et
985 909 1133 965 falso
1191 908 1470 963 somniant
1524 907 1649 959 sine
1705 907 1876 959 verbo
1918 903 2025 957 Dei
2059 901 2237 973 accipi
2273 902 2525 973 spiritum

887 991 1173 1046 sanctum,
1212 988 1270 1034 et
1305 978 1432 1034 freti
1470 978 1590 1031 suis
1640 977 1994 1047 opinionibus
2039 975 2527 1029 comminiscuntur

884 1054 1052 1125 impia
1120 1053 1409 1125 dogmata,
1467 1059 1524 1104 et
1582 1045 1830 1104 efficiunt
1888 1047 2153 1102 infinitam
2219 1046 2526 1116 dissipatio·

887 1142 1033 1180 nem.
1057 1128 1105 1188 ⁷)

1667 1261 1764 1315 vl.

1045 1383 1133 1445 ¹³)
1168 1379 1304 1432 Item
1342 1379 1564 1443 docent,
1603 1375 1753 1447 quod
1792 1392 1918 1430 cum
1956 1375 2066 1430 fide
2086 1372 2532 1436 reconciliamur,

892 1451 1221 1507 necessario
1259 1450 1421 1520 sequi
1457 1449 1679 1512 debeat,
1718 1448 1935 1501 iusticia
1971 1449 2242 1502 bonorum
2280 1463 2530 1515 operum,

892 1540 1037 1597 quae
1068 1521 1228 1575 Deus
1268 1522 1433 1575 nobis
1472 1519 1775 1584 mandauit,
1812 1520 1954 1573 sicut
1993 1529 2048 1573 et
2077 1518 2338 1572 Christus
2374 1535 2534 1588 prae-

892 1597 1055 1667 cepit.
1114 1594 1174 1648 Si
1212 1594 1298 1648 vis
1336 1593 1390 1645 in
1424 1593 1593 1645 vitam
1623 1590 1860 1662 ingredi,
1899 1607 2069 1645 serua
2107 1590 2380 1645 mandata.
2418 1587 2535 1642 Sed

932 1669 1023 1722 uia
1061 1675 1217 1720 tanta
1257 1674 1347 1720 est
1379 1662 1670 1717 infirmitas
1708 1663 1984 1716 humanae
2004 1671 2256 1728 naturae,
2294 1670 2353 1715 vt
2370 1677 2533 1714 nemo

891 1685 1005 1810 llegi
1042 1734 1373 1791 satisfacere
1400 1734 1601 1804 possit,
1638 1749 1875 1788 necesse
1913 1743 1998 1788 est
2017 1735 2221 1789 docere
2257 1733 2532 1798 homines,

891 1827 1007 1866 non
1062 1806 1245 1863 solum
1301 1807 1451 1879 quod
1500 1804 1614 1877 legi
1658 1805 2024 1860 obediendum
2072 1806 2178 1874 sit,
2222 1805 2323 1860 sed
2373 1804 2535 1860 etiam

893 1880 1174 1955 quomodo
1210 1878 1434 1951 placeat
1468 1876 1614 1930 haec
1651 1877 1994 1943 obedientia,
2044 1895 2117 1932 ne
2155 1876 2534 1932 conscientiae

889 1953 1138 2009 incidant
1186 1953 1243 2005 in
1292 1950 1769 2021 desperationem,
1825 1967 1950 2004 cum
2000 1949 2312 2021 intelligant
2342 1952 2410 2006 14)
2469 1964 2533 2001 se

889 2042 1007 2080 non
1045 2020 1378 2077 satisfacere
1423 2020 1553 2093 legi.
1630 2020 1825 2074 Placet
1872 2022 2039 2091 igitur
2086 2020 2228 2076 haec
2273 2021 2534 2074 obedien·

891 2096 996 2156 tia,
1035 2113 1148 2149 non
1187 2096 1317 2166 quia
1353 2090 1482 2165 legi·
1504 2090 1809 2158 satisfacit,
1849 2091 1964 2146 Sed
2003 2095 2134 2164 quia
2163 2109 2408 2162 persona
2444 2100 2533 2146 est

891 2167 950 2222 in
988 2166 1215 2221 Christo
1252 2161 1619 2220 reconciliata
1653 2162 1784 2231 fide,
1819 2174 1876 2217 et
1913 2164 2089 2218 credit
2123 2165 2229 2218 sibi
2268 2162 2532 2234 reliquias

891 2240 1112 2311 peccati
1150 2237 1474 2292 condonari.
1550 2236 1785 2306 Semper
1820 2237 1990 2307 igitur
2033 2237 2382 2290 sentiendum
2428 2245 2533 2300 est,

891 2327 1001 2365 nos
1050 2309 1317 2381 consequi
1364 2309 1749 2361 remissionem
1803 2317 2193 2377 peccatorum,
2239 2317 2295 2361 et
2340 2322 2534 2378 perso-

892 2399 1023 2436 nam
1068 2380 1423 2450 pronunciari
1479 2380 1707 2444 iustam,
1764 2380 1820 2431 id
1873 2389 1964 2433 est
2018 2380 2297 2450 acceptari
2360 2380 2533 2450 gratis

892 2462 1124 2523 propter
1162 2451 1464 2516 Christum,
1501 2468 1605 2521 per
1643 2450 1820 2504 fidem.
1899 2450 2106 2506 Postea
2143 2467 2280 2505 vero
2308 2450 2534 2521 placere

894 2525 1059 2579 etiam
1117 2524 1488 2578 obedientiam
1547 2539 1684 2594 erga
1733 2520 1916 2594 legem
1968 2532 2022 2576 et
2067 2525 2313 2594 reputari
2360 2540 2533 2593 quan·

893 2596 1023 2652 dam
1058 2595 1368 2661 iusticiam,
1415 2603 1472 2647 et
1508 2594 1706 2649 mereri
1736 2595 1999 2665 praemia.
2073 2594 2202 2649 Non
2245 2595 2392 2648 enim
2438 2610 2535 2663 po-

892 2675 1005 2722 test
1026 2666 1370 2722 conscientia
1391 2681 1677 2736 opponere
1710 2665 1917 2721 iudicio
1938 2665 2044 2719 Dei
2079 2666 2362 2737 propriam
2378 2682 2533 2719 mun-

892 2738 1092 2795 diciem
1127 2748 1225 2792 aut
1263 2755 1455 2809 opera,
1491 2738 1638 2792 sicut
1678 2734 1938 2792 Psalmus
1976 2747 2235 2797 testatur,
2283 2737 2408 2793 Non
2452 2738 2533 2790 in-

890 2820 1009 2866 tres
1047 2811 1103 2865 in
1142 2810 1400 2866 iudicium
1437 2825 1564 2862 cum
1613 2826 1783 2865 seruo
1832 2817 1958 2875 tuo,
2041 2809 2134 2864 uia
2177 2826 2290 2865 non
2337 2808 2532 2864 iustifi-

892 2883 1109 2938 cabitur
1157 2898 1347 2937 coram
1403 2890 1459 2934 te
1503 2881 1684 2934 omnis
1739 2880 1955 2937 vinens.
2078 2891 2102 2935 t
2147 2880 2387 2936 loannes
2434 2882 2531 2945 ait,

892 2955 958 3011 Si
1013 2953 1314 3007 dixerimus
1367 2952 1519 3024 quod
1578 2960 1869 3022 peccatum
1922 2970 2034 3007 non
2078 2951 2379 3019 habemus,
2425 2952 2531 3023 ipsi

889 3040 1001 3080 nos
1054 3024 1393 3078 seducimus·
1487 3021 1549 3077 Si
1606 3022 1972 3078 confiteamur
2036 3033 2271 3095 peccata
2334 3027 2532 3079 nostra

892 3093 1079 3152 fidelis
1117 3104 1174 3149 et
1200 3096 1384 3150 iustus
1423 3102 1527 3155 est,
1567 3104 1627 3150 vt
1658 3096 1899 3149 remittat
1944 3096 2107 3151 nobis
2153 3106 2388 3167 peccata
2433 3113 2531 3150 no-

892 3176 1048 3232 stra,
1082 3166 1156 3222 Et
1192 3165 1450 3222 Christus
1484 3166 1681 3238 inquit,
1718 3164 1860 3221 Cum
1904 3165 2151 3222 feceritis
2198 3168 2415 3235 omnia,
2453 3168 2530 3222 di·

896 3241 1034 3303 cite,
1080 3239 1229 3292 serui
1279 3236 1504 3292 inutiles
1553 3255 1766 3293 sumus·
1841 3237 2145 3310 Postquam
2185 3249 2364 3294 autem
2408 3255 2530 3311 per-
2568 3242 2579 3307 1

894 3328 1038 3366 sona
1076 3309 1437 3366 reconciliata
1473 3321 1528 3362 et
1564 3310 1710 3363 iusta
1748 3309 1877 3376 fide,
1911 3311 1969 3365 id
2006 3321 2113 3377 est,
2151 3321 2384 3382 accepta
2423 3319 2529 3376 est,

891 3381 1079 3455 placet
1117 3391 1173 3436 et
1208 3381 1524 3436 obedientia
1559 3392 1618 3435 et
1654 3393 1943 3452 reputatur
1979 3399 2109 3436 esse
2147 3384 2419 3454 quaedam
2456 3384 2531 3437 iu-

892 3455 1074 3524 sticia,
1112 3454 1271 3508 Sicut
1304 3452 1543 3508 loannes
1578 3454 1774 3524 inquit.
1850 3451 2046 3509 Omnis
2084 3456 2178 3527 qui
2215 3456 2270 3509 in
2315 3471 2383 3510 eo
2419 3471 2532 3508 ma-

892 3535 988 3580 net
1028 3542 1142 3580 non
1187 3535 1398 3596 peccat.
1476 3523 1548 3579 Et
1593 3525 1648 3578 2.
1689 3524 1939 3580 Corinth.
1988 3526 2186 3598 primo.
2215 3530 2285 3590 15)
2336 3524 2531 3582 Gloria

891 3606 1090 3652 nostra
1126 3595 1269 3651 haec
1307 3607 1412 3660 est,
1452 3597 1822 3651 testimonium
1873 3600 2248 3653 conscientiae
2283 3608 2529 3653 nostrae.

1037 3669 1126 3723 Ac
1180 3668 1347 3723 dehet
1403 3667 1544 3723 haec
1600 3670 1915 3723 obedientia
1962 3687 2278 3743 repugnare
2338 3673 2529 3742 prauis

892 3741 1287 3812 cupiditatibus
1324 3750 1381 3794 et
1417 3742 1655 3795 subinde
1692 3738 2070 3811 spiritualibus
2090 3742 2373 3813 exercitijs
2409 3742 2529 3798 fieri

888 3815 1103 3884 purior,
1140 3822 1197 3868 et
1232 3829 1453 3878 cauere,
1492 3828 1564 3867 ne
1598 3813 1731 3884 quid
1763 3813 2164 3872 committamus
2183 3824 2380 3869 contra
2397 3832 2530 3868 con-

888 3885 1198 3949 scientiam,
1235 3884 1396 3938 luxta
1430 3882 1587 3954 illud,
1624 3885 1849 3940 Summa
1884 3883 2029 3957 legis
2068 3897 2155 3940 est
2200 3884 2421 3942 dilectio
2459 3905 2529 3942 ex

928 3974 1033 4011 uro
1063 3957 1234 4010 corde
1274 3966 1332 4011 et
1369 3957 1714 4011 conscientia
1759 3958 1924 4027 bona,
1963 3966 2019 4013 et
2063 3957 2173 4012 fide
2218 3975 2332 4013 non
2378 3957 2528 4015 ficta.

947 4029 999 4082 ui
1035 4046 1176 4083 vero
1217 4030 1599 4098 obtemperant
1635 4031 1824 4099 prauis
1863 4029 2251 4099 cupiditatibus
2284 4041 2339 4084 et
2355 4041 2531 4104 agunt

891 4109 1088 4154 contra
1126 4101 1543 4170 conscientiam,
1580 4112 1875 4155 versantur
1911 4102 1964 4155 in
2003 4103 2250 4172 peccatis
2288 4101 2529 4158 mortali·

890 4172 1029 4230 bus,
1078 4189 1185 4226 nec
1237 4172 1363 4227 fidei
1402 4172 1709 4238 iusticiam,
1764 4188 1871 4228 nec
1927 4172 2199 4228 iusticiam
2253 4176 2529 4230 bonorum

887 4344 969 4399 13)
996 4342 1106 4385 Item
1136 4345 1312 4396 docent,
1342 4345 1459 4398 quod
1490 4356 1585 4387 cum
1625 4346 1714 4388 iide
1743 4368 1799 4378 -
1830 4368 1885 4379 -—
1915 4358 2097 4400 regnum
2135 4347 2224 4390 Dei
2264 4360 2354 4389 non
2392 4351 2528 4402 possi-

1007 4400 1202 4458 debunt.]
1243 4402 1307 4443 εἰσ
1346 4407 1457 4444 totus
1496 4402 1564 4444 ln'c
1603 4412 1686 4447 art.
1724 4409 1909 4447 mutatus
1945 4406 2097 4461 legitur
2133 4407 2179 4447 in
2216 4406 2351 4448 Editt.
2383 4407 2426 4449 3.
2459 4408 2526 4459 4.;

1002 4460 1088 4504 Ed.
1122 4460 1164 4499 2.
1197 4475 1256 4500 =
1286 4459 1368 4500 Ed.
1403 4461 1468 4500 1.=
1498 4460 1609 4501 Item
1639 4463 1819 4514 docent,
1848 4463 1965 4517 quod
1994 4463 2103 4504 fides
2133 4485 2189 4495 —
2218 4486 2274 4496 —
2305 4465 2527 4518 achpiens

1001 4518 1305 4560 remissionem
1337 4523 1631 4571 peccatorum.
1661 4519 1774 4574 (vide
1800 4533 1930 4577 cupra
1948 4534 1999 4577 p.
2032 4521 2132 4564 276.
2163 4520 2238 4565 lin.
2266 4521 2444 4571 5—16.)

886 4588 965 4645 14)
996 4589 1260 4645 intelligant]
1296 4589 1378 4633 Ed.
1407 4589 1476 4632 4.=
1507 4589 1757 4644 intelligunt

885 4661 964 4717 15)
995 4662 1172 4717 primm]
1201 4661 1285 4704 Ed.
1317 4664 1383 4707 4.:
1416 4663 1438 4703 1

1630 528 1816 589 PHlL.
1849 528 2027 586 MEL.
2066 526 2384 588 SCRIPTA
2416 522 2868 580 DOGMA'HCA
2903 523 2998 578 ET
3034 520 3491 579 SYMBOLICA.

4130 522 4241 579 356

2603 699 2832 754 operum
2862 683 3118 738 retinent.
3174 682 3332 738 iuxta
3368 681 3504 739 illud
3540 680 3721 749 Pauli,
3752 678 4026 754 Quiztalia
4043 685 4241 754 agunt,

2602 772 2834 827 regnum
2860 752 2965 808 Dei
3003 773 3115 809 non
3144 756 3524 827 possidebunt.
3558 758 3625 821 111)

3358 920 3475 975 Vll.

2754 1035 2890 1090 ltem
2929 1034 3150 1100 docent,
3187 1036 3338 1107 quod
3374 1053 3486 1089 vna
3521 1045 3717 1090 sancta
3750 1033 4011 1091 Ecclesia
4047 1053 4244 1108 perpe-

2609 1117 2705 1163 tuo
2753 1123 3020 1162 mansura
3062 1108 3148 1162 sit.
3233 1106 3339 1161 Est
3384 1117 3569 1161 autem
3627 1111 3697 1171 ¹⁶)
3715 1105 3979 1163 Ecclesia
4034 1108 4246 1165 Christi

2608 1181 2864 1251 proprie,
2912 1180 3275 1252 congregatio
3306 1184 3373 1245 ¹⁷)
3428 1182 3798 1234 membrorum
3846 1178 4086 1247 Christi,
4131 1180 4247 1238 hoc

2611 1261 2718 1317 est,
2754 1261 3099 1317 sanctorum,
3139 1253 3231 1323 qui
3269 1268 3402 1305 vere
3439 1252 3672 1305 credunt
3706 1262 3761 1305 et
3800 1253 4062 1306 obediunt
4085 1252 4246 1308 Chri·

2609 1334 2720 1390 sto,
2759 1323 2862 1376 etsi
2899 1324 2955 1376 in
2991 1322 3099 1378 hac
3138 1325 3250 1378 vita
3286 1323 3416 1377 huic
3454 1324 3871 1395 congregationi
3913 1322 4069 1380 multi
4111 1322 4246 1379 mali

2611 1406 2669 1450 et.
2701 1395 3030 1467 hypocritae
3079 1395 3303 1449 admixti
3341 1405 3498 1461 sunt,
3536 1413 3715 1467 vsque
3762 1398 3835 1450 ad
3881 1398 4246 1452 nouissimum

2612 1468 2905 1533 iudicium,
2943 1466 3125 1520 Habet
3162 1478 3345 1521 autem
3379 1465 3638 1522 Ecclesia
3675 1469 3899 1539 proprie
3944 1470 4126 1536 dicta,
4170 1469 4246 1524 si·

2613 1556 2725 1610 gna
2761 1555 2885 1604 sua,
2924 1536 3140 1593 scilicet
3176 1557 3370 1610 puram
3407 1549 3463 1593 et
3500 1558 3696 1595 sanam
3731 1539 4021 1612 Euangelij
4045 1541 4246 1595 doctri·

2610 1629 2771 1677 nam,
2826 1619 2886 1671 et
2916 1620 3132 1664 rectum
3169 1627 3330 1665 vsum
3379 1612 3884 1668 sacramentorum.
3917 1616 3986 1679 ¹⁶)
4058 1612 4127 1667 Et
4174 1613 4247 1668 ad

2612 1699 2802 1737 veram
2846 1683 3112 1737 vnitatem
3160 1680 3454 1738 Ecclesiae
3497 1684 3636 1738 satis
3684 1691 3774 1738 est
3828 1684 4146 1740 consentire
4175 1685 4246 1740 de

2612 1755 2869 1810 doctrina
2922 1752 3250 1825 Euangelij,
3299 1764 3355 1809 et
3403 1756 3875 1824 administratione
3915 1756 4248 1812 Sacramen-

2610 1837 2810 1881 torum.
2882 1825 3005 1881 Nec
3056 1843 3295 1880 necesse
3351 1837 3438 1880 est
3490 1829 3695 1900 vbique
3750 1825 3972 1882 similes
4019 1844 4150 1884 esse
4178 1831 4247 1896 111)

2611 1899 2934 1953 traditiones
2972 1898 3262 1964 humanas,
3299 1914 3400 1953 seu
3432 1900 3571 1954 ritus
3618 1901 3691 1953 ab
3734 1898 4046 1960 hominibus
4093 1900 4247 1955 insti-

2609 1980 2775 2025 tutos,
2807 1974 2874 2034 ¹⁹)
2949 1971 3106 2026 Sicut
3159 1980 3211 2024 et
3249 1969 3458 2026 Paulus
3508 1973 3704 2041 docet,
3750 1990 3873 2026 cum
3915 1974 4011 2026 ait.
4084 1971 4246 2027 Vnus

2610 2040 2905 2107 DominuS,
2940 2060 3052 2096 vna
3084 2041 3249 2109 fides,
3269 2045 3345 2108 ²⁰)
3381 2061 3549 2098 vnum
3577 2044 3888 2116 Bapfisma,
3927 2062 4070 2100 vnus
4090 2043 4251 2100 Deus

2610 2124 2664 2170 et
2695 2125 2856 2186 pater
2893 2114 3150 2170 omnium.
3189 2125 3295 2170 etc.

3359 2242 3503 2299 Vlll.

2757 2360 2833 2423 ²¹)
2855 2355 2996 2411 Cum
3049 2370 3235 2411 autem
3289 2360 3344 2411 in
3391 2356 3499 2413 hac
3551 2360 3666 2414 vita
3718 2360 3994 2415 admixtae
4017 2363 4092 2426 22)
4136 2362 4250 2418 sint

2612 2428 2908 2485 Ecclesiae
2945 2425 3099 2484 multi
3137 2426 3265 2484 mali
3299 2441 3354 2485 et
3388 2430 3732 2502 hypocritae,
3755 2433 3846 2504 qui
3867 2442 4047 2487 tamen
4066 2435 4249 2488 socie-

2611 2510 2777 2556 tatem
2814 2500 3021 2555 habent
3039 2513 3390 2556 externorum
3410 2504 3694 2575 signorum
3730 2522 3855 2558 cum
3874 2502 4150 2572 Ecclesia,
4170 2510 4251 2572 ²¹)

2610 2572 2742 2628 licet
2778 2573 2857 2627 vti
2894 2572 3272 2628 Sacramentis
3309 2590 3455 2646 quae
3490 2592 3591 2646 per
3633 2575 3815 2631 malos
3855 2576 4247 2633 administran-

2611 2655 2721 2711 tur,
2754 2646 2907 2699 iuxta
2939 2660 3135 2699 vocem
3173 2645 3398 2711 Christi,
3435 2648 3646 2703 Sedent
3696 2649 3919 2704 scribae
3963 2658 4020 2703 et
4055 2647 4251 2704 Phari-

2610 2718 2695 2771 sei
2728 2717 2785 2770 in
2819 2714 3100 2771 Cathedra
3144 2715 3330 2784 Moisi,
3352 2720 3427 2785 2⁸)
3477 2728 3582 2772 etc.
3655 2719 3727 2774 Et
3781 2721 4149 2777 Sacramenta
4191 2728 4250 2776 et

2611 2791 2843 2843 verbum
2870 2787 2980 2844 Dei
2999 2791 3076 2856 ²⁴)
3161 2799 3354 2861 ropter
3398 2792 3798 2847 ordinationem
3835 2805 3894 2848 et
3928 2795 4251 2851 mandatum

2611 2860 2820 2917 Christi
2867 2869 3002 2917 sunt
3046 2877 3080 2916 e
3146 2864 3334 2930 cacia,
3380 2864 3599 2920 etiamsi
3642 2882 3745 2936 per
3790 2864 3974 2921 malos
4025 2863 4250 2922 exhibe·

2608 2942 2789 2988 antur.

2754 3003 3037 3061 Damnant
3074 3004 3408 3062 Donatistas
3443 3017 3499 3062 et
3535 3007 3780 3076 simileS,
3825 3009 3918 3081 qui
3966 3026 4037 3065 ne
4076 3011 4251 3066 abant

2609 3074 2779 3132 licere
2815 3077 3023 3149 populo
3046 3080 3125 3143 2ὃ)
3162 3079 3241 3133 vti
3279 3080 3584 3135 ministerio
3633 3077 3902 3137 malorum
3950 3081 4007 3136 in
4103 3081 4251 3137 ccle-

2610 3150 2725 3217 sia‚
2758 3157 2814 3202 et
2850 3151 3170 3204 sentiebant
3215 3151 3576 3207 ministerium
3631 3150 3906 3209 malorum
3951 3152 4144 3208 inutile
4193 3161 4251 3208 et

2608 3218 2870 3275 inefficax
2901 3238 3048 3276 esse.
3916 3249 3922 3253 ·

2613 3437 2689 3492 16)
2721 3437 2925 3481 Ecclesia
2971 3438 3135 3482 Christi
3175 3440 3369 3494 proprie,
3392 3418 3470 3472 ⁴-
3514 3464 3571 3473 —
3611 3447 3776 3484 rectum
3824 3454 3946 3484 vsum
3990 3441 4247 3486 Sacramen-

2728 3495 2904 3552 torum.]
2947 3497 3008 3537 εἰσ
3036 3496 3174 3538 Editt.
3209 3497 3251 3539 3.
3283 3499 3346 3549 4.;
3379 3497 3460 3551 Ed,
3495 3499 3536 3539 2.
3568 3516 3626 3539 =
3665 3500 3749 3542 Ed.
3792 3501 3856 3542 1.:
3901 3501 4104 3542 Ecclesia
4142 3514 4247 3543 con-

2724 3555 2923 3607 gregatio
2961 3562 3231 3606 sanctorum,
3274 3557 3319 3596 in
3362 3567 3447 3608 qua
3486 3557 3774 3611 Euangelium
3813 3565 3930 3600 recte
3970 3558 4172 3612 docetur,
4204 3566 4249 3601 et

2724 3618 2840 3653 recte
2871 3612 3228 3654 administrantur
3257 3614 3555 3658 Sacramenta.

2615 3676 2707 3738 17)'
2721 3682 2894 3783 011τίῗὲ
2896 3687 3121 3782 Ορτορτίο,
3153 3687 3461 3740 congregatio]
3490 3687 3573 3728 Ed.
3604 3688 3671 3729 4.:
3704 3687 3891 3741 Christi,
3929 3690 4105 3745 proprie
4144 3701 4247 3731 eon-

2612 3812 2688 3868 18)
2720 3753 2882 3912 ξίἲιῖιξσε
2920 3813 3034 3868 esse]
3072 3813 3135 3857 εἰσ
3170 3813 3309 3859 Editt.
3349 3814 3392 3860 8.
3425 3817 3496 3868 4.;
3540 3817 3624 3861 Ed.
3666 3818 3707 3860 2.
3737 3832 3796 3858 =
3824 3817 3910 3863 Ed.
3945 3821 4006 3861 1.:
4048 3831 4146 3863 esse
4186 3820 4247 3863 si-

2724 3883 2784 3911 mi
2804 3882 2850 3913 es

2612 3942 2691 3998 19)
2722 3945 2828 3985 ritus
2857 3942 2912 3985 ab
2942 3942 3330 4003 hom-institutos]
3361 3948 3423 3989 sic
3449 3946 3585 3990 Editt.
3616 3947 3659 3990 3.
3679 3947 3751 4001 4.;
3780 3947 3865 3993 Ed.
3898 3949 3941 3991 2.
3971 3963 4031 3989 =
4058 3949 4143 3993 Ed.
4179 3950 4246 3993 La

2724 4002 2830 4043 ritus
2858 4007 2934 4043 aut
2962 4005 3231 4045 ceremonias
3260 4005 3315 4045 ab
3345 4004 3462 4046 hom.
3492 4007 3726 4049 institutas.

2610 4073 2689 4128 20)
2719 4072 2844 4115 Sicut
2872 4080 2916 4114 et
2951 4072 3112 4115 Paulus
3143 4098 3197 4106 —
3238 4088 3326 4117 vna
3361 4076 3501 4133 fides,]
3533 4078 3595 4120 οἰσ
3630 4077 3766 4121 Editt.
3807 4078 3850 4123 3.
3890 4080 3961 4133 4.;
3998 4079 4084 4123 Ed.
4115 4079 4156 4122 2.
4185 4093 4248 4120 =

2628 4125 2657 4162 ἴ
2724 4130 2809 4173 Ed.
2848 4133 2911 4173 1.:
2942 4130 3069 4173 Sicut
3095 4132 3234 4186 inquit
3259 4133 3443 4187 Paulus,
3473 4136 3574 4177 Vna
3603 4135 3727 4188 fides,

2609 4203 2689 4257 21)
2720 4202 2831 4245 Cum
2860 4211 3005 4244 autem
3035 4205 3082 4246 iu
3113 4204 3196 4247 hac
3224 4208 3314 4248 vita
3344 4229 3399 4238 —
3428 4230 3485 4239 -
3525 4211 3753 4261 signorum
3788 4222 3886 4251 cum
3920 4207 4152 4263 Ecclesia]
4183 4212 4252 4255 sio

2723 4261 2860 4303 Editt.
2903 4261 2945 4303 3.
2983 4262 3050 4315 4.;
3088 4262 3173 4303 Ed.
3216 4264 3258 4306 2.
3288 4279 3348 4304 =
3385 4264 3468 4307 Ed.
3510 4267 3573 4308 1.:
3614 4265 3871 4321 Quanquam
3905 4267 4106 4310 Ecclesia
4145 4280 4248 4323 pro·

2722 4320 2816 4372 prie
2846 4319 2902 4358 sit
2930 4321 3215 4372 congregatio
3245 4327 3514 4373 sanctorum,
3545 4328 3590 4364 et
3627 4336 3730 4366 vere
3770 4325 4061 4378 credentium,
4100 4331 4248 4369 tamen

2724 4388 2820 4418 cum
2850 4377 2894 4417 in
2924 4375 3008 4417 hac
3037 4378 3130 4418 vita
3157 4379 3281 4420 multi
3309 4380 3565 4433 hypocritae
3593 4387 3638 4423 et
3665 4383 3769 4424 mali
3799 4382 3976 4424 admixti
4005 4383 4105 4437 sint,

2609 4448 2689 4502 22)
2718 4448 2918 4503 admixti]
2949 4448 3012 4490 εἰσ
3039 4455 3151 4493 recte
3177 4450 3260 4493 Ed.
3294 4453 3362 4504 4.;
3390 4452 3475 4495 Ed.
3507 4452 3549 4494 3.
3578 4458 3741 4511 typoqr.
3773 4468 3935 4498 more:
3965 4455 4190 4499 admixtae

2609 4518 2688 4574 23)
2715 4519 2869 4575 Moisi]
2898 4522 2960 4563 εἰσ
2986 4518 3125 4565 Editt.
3155 4521 3199 4565 3.
3229 4524 3296 4574 4.;
3326 4522 3410 4567 Ed.
3442 4524 3484 4566 2.
3514 4542 3572 4563 =
3600 4524 3685 4568 Ed.
3719 4528 3781 4569 1.=
3810 4528 3928 4570 Masi

2609 4592 2690 4644 24)
2718 4591 2901 4635 'verbum
2929 4593 3037 4647 Dei]
3069 4594 3131 4636 εἰσ
3159 4594 3296 4640 Editt.
3327 4595 3370 4639 3.
3401 4597 3467 4649 4.;
3496 4597 3580 4639 Ed.
3611 4598 3652 4641 2.
3683 4613 3743 4639 =
3770 4598 3856 4641 Ed.
3888 4601 3953 4644 1.:
3985 4602 4167 4644 verbum

2608 4663 2687 4719 25)
2716 4664 2849 4708 licere
2876 4664 3058 4722 populo]
3092 4668 3155 4709 εἰσ
3181 4666 3319 4710 Editt.
3349 4669 3390 4710 3.
3424 4671 3493 4722 4.;
3521 4669 3606 4715 Ed.
3634 4668 3678 4713 2.
3709 4687 3768 4709 ===
3795 4672 3880 4716 Ed.
3915 4674 3979 4716 1.=
4008 4673 4143 4716 licere
