4966 5577
799 533 903 590 321
1768 529 1835 589 11.

800 689 1219 748 administrandi
1248 697 1618 744 sacramenta.
1689 687 1832 742 Nam
1868 705 1994 744 cum
2030 685 2140 742 hoc
2176 688 2439 743 mandato

801 762 1061 819 Christus
1097 761 1261 816 mittit
1296 764 1382 824 Η)
1437 758 1776 833 ApostoloS,
1834 759 1992 816 Sicut
2033 759 2183 813 misit
2227 776 2314 812 me
2349 761 2437 820 13)

798 846 978 908 pater,
1013 835 1093 888 ita
1121 841 1176 886 et
1203 836 1291 898 10)
1329 848 1438 904 ego
1473 832 1630 886 mitto
1661 834 1745 897 ¹⁷)
1782 848 1904 886 vos.
1979 831 2232 901 Accipite
2281 830 2440 901 spiri-

800 919 916 963 tum
950 914 1226 969 sanctum,
1263 921 1496 975 quorum
1548 904 1874 958 remiseritis
1938 911 2199 974 peccata,
2257 901 2441 956 remit·

801 987 992 1034 tantur
1022 978 1134 1040 εἰς,
1181 984 1238 1029 et
1280 973 1515 1046 quorum
1550 976 1885 1030 retinueritis
1916 978 2000 1039 13)
2043 981 2307 1045 peccata,
2358 990 2441 1027 re·

802 1060 958 1105 tenta
992 1057 1143 1103 sunt.
1208 1045 1384 1101 Marci
1414 1047 1527 1101 xvi.
1553 1050 1640 1110 10)
1699 1047 1779 1101 lte
1802 1049 1894 1117 20)
1923 1046 2239 1119 praedicate
2257 1043 2439 1100 Euan-

804 1120 1009 1196 gelium
1047 1120 1194 1175 omni
1232 1128 1522 1173 creaturae
1559 1128 1662 1174 etc.
1691 1122 1779 1184 21)

946 1192 1103 1248 Haec
1151 1199 1402 1261 potestas
1451 1200 1662 1245 tantum
1720 1198 2015 1245 exercetur
2038 1192 2128 1255 22)
2183 1188 2439 1242 docendo

802 1282 907 1320 seu
941 1263 1321 1335 praedicando
1357 1264 1610 1326 verbum,
1635 1262 1727 1326 23)
1773 1271 1829 1316 et
1869 1260 2207 1333 porrigendo
2251 1276 2441 1315 sacra-

803 1340 1021 1401 menta',
1069 1333 1164 1390 vel
1207 1332 1394 1389 multis
1442 1332 1532 1389 vel
1577 1331 1811 1405 singulis
1872 1335 2023 1389 iuxta
2067 1332 2441 1397 vocationem,

805 1410 934 1480 quia
971 1408 1354 1460 conceduntur
1382 1423 1494 1459 non
1521 1408 1610 1469 ²⁴)
1652 1421 1747 1460 res
1784 1403 2144 1476 corporalest,
2199 1404 2303 1457 sed
2348 1419 2440 1456 res

803 1489 1089 1544 aeternae,
1118 1478 1335 1531 iusticia
1371 1487 1618 1542 aeterna,
1649 1478 1877 1548 spiritus
1908 1487 2167 1541 sanctuS,
2198 1475 2312 1530 vita
2348 1491 2441 1529 ae-

804 1564 979 1607 terna.
1057 1549 1213 1603 Haec
1260 1565 1373 1603 non
1397 1551 1486 1614 23)
1531 1558 1769 1619 possunt
1810 1550 2133 1620 contingere
2179 1547 2288 1600 nisi
2382 1563 2444 1600 er

807 1621 1168 1678 ministerium
1204 1622 1362 1675 verbi
1400 1629 1458 1674 et
1492 1630 1993 1686 sacramentorum,
2041 1619 2186 1675 sicut
2231 1618 2314 1672 Pa
2377 1635 2442 1673 us

809 1696 958 1760 dicit,
988 1689 1353 1765 Euangelium
1390 1700 1478 1745 est
1504 1692 1752 1762 potentia
1769 1692 1894 1759 Dei,
1922 1692 1994 1745 ad
2025 1688 2259 1745 salutem
2297 1689 2444 1744 omni

809 1765 1074 1822 credenti.
1101 1768 1190 1829 20)
1264 1763 1461 1835 Itaque
1489 1781 1614 1819 cum
1633 1772 1888 1835 potestas
1912 1766 2004 1829 2Ἰ)
2042 1759 2445 1817 Ecclesiastica

811 1838 1085 1894 concedat
1108 1838 1197 1899 23)
1251 1852 1343 1890 res
1395 1844 1685 1900 aeternas,
1758 1844 1813 1890 et
1857 1844 2067 1889 tantum
2116 1844 2446 1889 exerceatur

810 1928 910 1982 per
944 1908 1308 1964 ministerium
1342 1908 1516 1976 verbi,
1541 1911 1630 1971 22)
1660 1924 1772 1961 non
1792 1908 2018 1979 impedit
2039 1903 2315 1976 politicam
2353 1906 2445 1960 ad-

810 1980 1286 2046 ministrationem,
1318 1980 1463 2034 sicut
1499 1995 1598 2031 ars
1628 1980 1861 2033 canendi
1891 1976 2024 2033 nihil
2043 1979 2269 2048 impedit
2307 1975 2444 2048 poli-

809 2056 976 2109 ticam
1006 2052 1549 2106 administrationem.
1588 2054 1677 2114 30)
1759 2050 1902 2106 Nam
1951 2048 2180 2121 politica
2218 2049 2441 2104 admini-

812 2125 1008 2181 stratio
1044 2133 1305 2179 versatnr
1334 2124 1485 2176 circa
1521 2119 1660 2176 alias
1708 2140 1803 2176 res
1853 2140 2016 2195 quam
2063 2120 2446 2195 Euangelium.

810 2196 1174 2270 Magistratus
1212 2195 1459 2249 defendit
1486 2211 1599 2248 non
1618 2205 1854 2261 menteS,
1891 2197 1993 2249 sed
2018 2210 2258 2265 corpora
2277 2202 2334 2249 et
2355 2197 2444 2260 31)

810 2285 903 2324 res
952 2266 1309 2338 corporales,
1374 2266 1646 2320 aduersus
1696 2265 2020 2321 manifestas
2073 2267 2334 2332 iniuriaS,
2392 2273 2448 2318 et

811 2350 1035 2397 coercet
1058 2341 1147 2404 32)
1184 2337 1433 2393 homines
1470 2335 1676 2410 gladio,
1714 2348 1769 2392 et
1805 2334 2191 2409 corporalibus
2226 2337 2444 2409 poeniS,

809 2422 871 2469 vt
903 2412 1182 2470 iusticiam
1213 2407 1434 2467 ciuilem
1473 2420 1529 2464 et
1565 2415 1768 2481 pacem'
1799 2409 2054 2466 retineat.
2078 2413 2169 2477 ⁸³)

812 2687 888 2741 14)
918 2698 1016 2729 cum
1046 2685 1132 2726 hoc
1163 2682 1367 2725 mandato
1398 2681 1594 2726 christus
1623 2679 1774 2741 mittit]
1804 2683 1983 2726 Fabiu:
2017 2695 2114 2726 cum
2149 2680 2235 2723 hoe
2272 2681 2452 2724 mandet

927 2742 1121 2784 Christus
1134 2770 1148 2792 ,
1178 2741 1321 2781 mittat

813 2815 890 2872 15)
920 2816 1039 2857 misit
1067 2811 1155 2865 me]
1184 2811 1356 2862 Dese„
1385 2811 1478 2853 Ed.
1510 2817 1640 2854 anta
1671 2824 1740 2853 me
1769 2811 1890 2853 misit

815 2886 889 2942 16)
924 2886 985 2941 et]
1019 2884 1175 2927 Fabr.
1207 2883 1374 2924 omittit.

812 2959 890 3014 17)
922 2964 966 2999 et
996 2969 1077 3010 ego
1107 2955 1254 3007 mitto]
1283 2953 1378 2996 Ed.
1410 2959 1537 2997 ann:
1566 2954 1689 2997 mitto
1720 2959 1766 2996 et
1792 2966 1876 3009 ego

813 3032 890 3084 18)
918 3026 1200 3083 retinueritis]
1233 3026 1323 3069 Ed.
1354 3032 1495 3069 ant.=
1524 3028 1779 3070 remiseritis

812 3101 890 3158 19)
919 3101 1063 3142 Marci
1094 3097 1205 3158 {vx-J
1235 3098 1380 3152 nat„
1410 3098 1601 3151 Wirc.,
1629 3098 1804 3141 Fabr.:
1835 3096 1897 3140 Et
1924 3096 2065 3140 Marci
2092 3096 2184 3152 xvi.

815 3175 891 3227 20)
919 3172 1006 3226 Ite]
1037 3170 1258 3212 Onold.=
1287 3169 1397 3212 Item

814 3245 891 3300 21)
922 3241 1025 3300 etc.]
1059 3242 1239 3292 Desm,
1268 3240 1386 3284 nat.
1417 3254 1498 3282 nou
1524 3239 1688 3285 habau.

814 3317 891 3372 22)
925 3321 1093 3357 tantum
1123 3312 1369 3368 exercetur]
1401 3312 1508 3355 Feb
1523 3326 1583 3356 r.:
1614 3316 1840 3355 exercetur
1868 3316 2032 3354 tantum

812 3387 891 3443 23)
923 3385 1121 3440 verbum]
1154 3386 1304 3437 Rae...
1334 3383 1514 3432 wit-ca
1545 3384 1832 3438 Euangelinm

814 3461 889 3516 24)
921 3458 1221 3500 conceduntur
1247 3456 1358 3509 non]
1395 3455 1583 3508 Deam,
1619 3457 1834 3508 Dresd„
1878 3451 2099 3508 Onold.,
2148 3453 2319 3497 Wim.=
2363 3466 2453 3497 non

927 3516 1222 3559 conceduntur

814 3588 893 3642 25)
922 3586 1028 3644 uon]
1061 3587 1106 3628 in
1132 3587 1293 3628 Dess.
1327 3585 1452 3628 deest.

817 3660 896 3715 26)
929 3656 1143 3714 credenti]
1175 3657 1317 3710 Rat.‚
1350 3657 1509 3700 Wirc.
1534 3662 1632 3712 post
1662 3653 1769 3697 hanc
1791 3667 1932 3698 vocem
1950 3652 2098 3697 haberat
2113 3652 2454 3697 additamenta-2

932 3717 991 3758 Et
1017 3716 1135 3771 psal:
1168 3716 1266 3757 118.
1297 3714 1529 3768 Eloquium
1558 3720 1679 3755 tuum
1709 3712 1902 3754 viuilicat
1930 3723 2014 3753 me.

818 3789 893 3843 27)
924 3787 1139 3843 potestas]
1168 3786 1395 3839 Dresd.‚
1427 3787 1604 3828 Wim.:
1637 3786 1778 3827 omnis
1808 3789 1999 3841 potestas

817 3861 896 3916 28)
930 3857 1163 3916 concedat]
1196 3856 1336 3908 nat..
1367 3857 1554 3901 Wiro.:
1586 3862 1824 3901 concernat
1854 3867 1859 3873 ·

817 3932 896 3987 29)
927 3930 1069 3985 verbi]
1107 3935 1204 3986 post
1241 3927 1348 3971 hanc
1383 3942 1519 3972 vocem
1556 3929 1602 3971 in
1654 3927 1849 3972 Onold.

932 3995 1325 4038 sacramentorum5
1356 3985 1456 4029 haec
1484 3999 1581 4029 vero
1612 3985 1758 4029 deinde
1784 3987 1914 4028 litura
1943 3982 2108 4027 sublata
2136 3988 2243 4025 mat.

817 4058 895 4116 80)
925 4062 1043 4158 eiciat!
1052 4072 1121 4157 ars
1138 4059 1323 4101 canendi
1341 4082 1396 4089 —
1415 4056 1850 4113 administrationem]
1869 4057 1912 4098 D
1922 4068 1975 4098 es
1986 4069 2022 4099 s.
2035 4087 2047 4108 ,
2073 4055 2117 4098 N
2128 4067 2154 4096 o
2166 4068 2203 4097 r.
2210 4085 2226 4108 ‚
2256 4053 2295 4098 O
2306 4067 2335 4096 n
2347 4055 2399 4097 ol
2413 4053 2457 4098 d.

931 4131 995 4158 om
1047 4130 1099 4158 un
1120 4147 1132 4159 .

1892 3927 2017 3984 prius
2052 3924 2200 3968 addita
2238 3929 2374 3969 amnt:
2416 3930 2459 3967 et

817 4189 896 4241 31)
925 4187 987 4243 et]
1022 4187 1203 4229 Fabr.:
1236 4188 1315 4230 sed

817 4259 896 4316 82)
927 4259 1116 4315 coercet]
1163 4259 1313 4302 Non:
1346 4259 1571 4310 cohercet,
1599 4253 1758 4300 Cau.
1799 4258 1839 4302 2.
1863 4257 2045 4313 primum
2073 4253 2241 4298 habuit.-
2278 4254 2460 4297 coheret

930 4317 1043 4374 quod
1067 4316 1214 4359 deinde
1242 4324 1473 4361 correctum
1500 4322 1561 4359 eu
1588 4316 1651 4357 in:
1685 4315 1889 4370 cohercet
1916 4320 2002 4371 tum
2031 4318 2167 4357 amem
2196 4312 2369 4356 delam
2398 4318 2459 4356 at

933 4382 972 4418 et
998 4387 1128 4430 supra
1161 4375 1308 4417 lineam
1336 4376 1555 4433 scripum:
1588 4379 1762 4416 coercet
1821 4371 2044 4416 Onold,:
2077 4371 2288 4413 eonheret

818 4447 896 4503 33)
927 4453 975 4489 vt
1014 4448 1230 4489 iusticiam
1267 4447 1439 4489 ciuilem
1479 4452 1524 4488 et
1565 4458 1716 4501 pacem
1760 4441 1984 4501 retineat]
2026 4444 2072 4485 in
2112 4442 2255 4497 Rat„
2298 4442 2459 4488 Wirc.

933 4505 1102 4555 desuntff
1131 4504 1289 4545 Fabr.
1372 4505 1614 4552 o,retineat
1640 4502 1784 4547 babet:
1825 4503 2057 4544 retineant.
2115 4500 2220 4544 Post
2257 4499 2335 4544 Ιιοο
2366 4514 2459 4544 ven-

934 4560 1025 4604 bum
1071 4563 1256 4618 sequitur
1350 4574 1421 4604 cce
1471 4561 1816 4613 additamentum,
1859 4559 1971 4616 quod
2011 4560 2135 4602 etiam
2168 4560 2214 4601 in
2258 4557 2377 4600 nat.
2419 4564 2460 4603 d

931 4619 1098 4664 wire.
1138 4618 1178 4662 Ῑι.
1211 4619 1238 4661 1.
1284 4624 1441 4662 exuat-2
1482 4618 1772 4673 Euangelium
1815 4617 2011 4659 defendit
2045 4623 2209 4659 mentes
2247 4615 2458 4659 aduersus

933 4677 1090 4732 impia·
1121 4678 1374 4731 opiniones,
1406 4676 1616 4719 aduersus
1654 4676 1881 4719 diabolum
1916 4681 1961 4718 et
1996 4681 2179 4719 mortem
2217 4678 2458 4719 aeternam.

1158 4774 1411 4814 mn.
1434 4774 1573 4811 om
1592 4774 1705 4812 vot..
1717 4773 1856 4812 uu.

1908 529 1980 589 B.
2053 528 2464 588 coNFEsslo
2502 528 2969 587 AUGUSTANA
2999 528 3190 589 IPSA.

4050 530 4161 587 322

2662 686 2790 742 Non
2827 688 2996 759 igitur
3028 689 3117 749 ³⁴)
3158 688 3606 741 commiscendae
3669 697 3800 742 sunt
3842 698 4157 759 potestates

2518 755 2934 814 Ecclesiastica
2958 768 3014 813 et
3048 757 3253 824 ciuilis,
3277 763 3365 824 33)
3402 757 3803 815 Ecclesiastica
3824 777 3986 814 suum
4004 778 4158 816 man-

2519 830 2710 884 datum
2749 828 2937 897 habet,
2971 829 3265 902 Euangelij
3306 832 3544 885 docendi
3564 841 3620 885 et
3643 834 3732 895 33)
3770 833 4158 889 administran-

2519 900 2574 954 di
2610 903 2700 965 37)
2748 913 3118 958 sacramenta.
3152 905 3240 968 38)
3313 903 3440 957 Non
3489 904 3756 973 irrumpat
3803 905 3861 958 in
3916 902 4160 963 alienum

2519 968 2785 1038 officium,
2822 991 2936 1027 non
2975 972 3276 1029 transferat
3307 991 3481 1046 regna
3510 976 3726 1039 mundi,
3771 993 3884 1029 non
3922 978 4160 1049 abroget

2517 1042 2679 1114 leges
2703 1048 2793 1109 3¹³)
2830 1044 3285 1118 Magistratuum,
3341 1064 3452 1100 non
3491 1044 3653 1100 tollat
3688 1044 3986 1118 legitimam
4023 1052 4160 1104 obe-

2520 1115 2802 1181 dientiam,
2840 1134 2954 1171 non
2991 1119 3250 1190 impediat
3277 1117 3478 1188 iudicia
3516 1120 3587 1172 (le
3622 1117 3752 1173 vllis
3773 1116 4029 1174 ciuilibus
4066 1137 4158 1175 or·

2520 1188 2893 1242 dinationibus
2940 1201 3034 1244 aut
3082 1190 3494 1256 contractibuS‚
3534 1208 3646 1244 non
3683 1193 4033 1261 praescribat
4069 1195 4158 1258 ⁴⁰)

2519 1255 2675 1330 leges
2713 1264 3127 1331 magistratibus
3164 1264 3236 1315 dc
3274 1259 3452 1316 forma
3488 1264 3570 1317 rei
3606 1261 3896 1333 publicae,
3921 1266 4011 1323 ⁴¹)
4050 1264 4165 1319 sic-

2519 1339 2580 1385 ut
2609 1331 2742 1385 dicit
2781 1331 3072 1398 ChristuS,
3144 1333 3397 1405 Regnum
3434 1352 3616 1390 meum
3652 1352 3767 1389 non
3810 1344 3898 1389 est
3936 1336 4007 1390 de
4043 1336 4164 1390 hoc

2520 1404 2745 1457 mundo.
2819 1404 2975 1470 Item,
3014 1406 3153 1465 Quis
3191 1406 3476 1460 constituit
3511 1424 3598 1460 me
3619 1406 3854 1460 iudicem
3891 1419 3989 1461 aut
4026 1408 4162 1462 diui·

2522 1489 2709 1528 sorem
2755 1491 2924 1545 super
2958 1479 3045 1542 ⁴⁸²)
3100 1478 3243 1532 vos?
3324 1476 3396 1530 Et
3431 1481 3518 1544 ⁴³)
3580 1478 3790 1532 Paulus
3836 1479 3911 1534 ait
3958 1477 4161 1551 Philip.

2520 1546 2597 1617 iij.
2631 1544 2841 1600 Nostra
2879 1546 3070 1619 politia
3113 1551 3170 1604 in
3210 1548 3386 1604 coelis
3424 1559 3532 1604 est.
3568 1552 3658 1615 ⁴⁴)
3717 1550 3772 1621 ij.
3820 1549 4070 1605 Corinth.
4105 1569 4160 1605 x.

2521 1618 2697 1672 Arma
2733 1616 2956 1675 militiae
2991 1631 3220 1675 nostrae
3264 1638 3377 1674 non
3426 1630 3557 1675 sunt
3594 1621 3865 1686 carnalia,
3910 1623 4011 1677 sed
4061 1639 4161 1694 po-

2522 1690 2694 1744 tentia
2722 1688 2867 1756 Deo,
2892 1694 2980 1756 ⁴⁵)
3019 1694 3092 1747 ad
3131 1693 3498 1747 destruendas
3530 1694 3896 1764 cogitationes
3933 1705 4041 1750 etc.
4066 1697 4160 1761 ⁴⁶)

2522 1763 2615 1816 Ad
2651 1762 2800 1815 hunc
2829 1764 3051 1818 modum
3090 1765 3414 1819 discernunt
3459 1767 3638 1818 nostri
3689 1766 3975 1837 Vtriusque
4043 1777 4161 1821 ote-

2522 1834 2685 1887 statis
2724 1832 2944 1900 officia,
2992 1846 3048 1890 et
3092 1836 3285 1890 iubent
3329 1844 3621 1908 Vtramque
3671 1835 3884 1891 honore
3929 1855 3965 1890 a
4030 1854 4161 1893 cere

2524 1915 2580 1960 et
2614 1921 2953 1978 agnoscere,
3008 1917 3297 1980 vtramque
3342 1905 3453 1961 Dei
3500 1909 3703 1963 donum
3730 1911 3816 1975 ⁴⁷)
3868 1918 3923 1964 et
3957 1908 4162 1965 benefi-

2524 1977 2670 2032 cium
2694 1980 2780 2044 ⁴⁸)
2820 1995 2964 2032 esse.

2669 2048 2730 2102 Si
2777 2066 2942 2120 quam
2997 2049 3206 2105 habent
3253 2050 3518 2122 Episcopi
3574 2062 3906 2122 potestatem
3968 2051 4162 2126 gladij,

2522 2118 2670 2175 hanc
2697 2137 2811 2175 non
2850 2120 3055 2176 habent
3090 2122 3351 2194 Episcopi
3392 2140 3460 2176 ex
3490 2124 3754 2177 mandato
3778 2126 3866 2183 ⁴⁹)
3905 2124 4160 2196 Euange-

2524 2190 2603 2263 iij,
2639 2192 2741 2246 sed
2779 2193 2896 2247 iure
2920 2197 3008 2258 30)
3039 2195 3281 2249 humano
3323 2195 3581 2248 donatam
3637 2213 3672 2248 a
3708 2196 3935 2265 regibus
3974 2206 4030 2250 et
4065 2198 4161 2251 im-

2523 2265 2897 2336 peratoribuS,
2934 2266 3010 2319 ad
3034 2268 3059 2301 3
3074 2270 3123 2331 ¹)
3145 2266 3677 2321 administrationem
3697 2265 3916 2322 ciuilem
3935 2284 4166 2322 suorum

2529 2337 2815 2391 bonorum.
2890 2336 3045 2391 Haec
3075 2338 3295 2392 interim
3344 2336 3455 2393 alia
3491 2335 3701 2394 functio
3740 2349 3828 2393 est
3864 2356 4030 2411 quam
4067 2339 4166 2394 mi-

2527 2409 2814 2462 nisterium
2851 2406 3164 2482 Euangelij.
3189 2413 3281 2478 32)

2645 2681 2763 2726 Haec
2790 2680 2919 2726 verba
2944 2683 2991 2724 ἄη
3025 2680 3140 2724 Rae.
3182 2681 3292 2724 linea
3328 2680 3549 2725 subnotata
3586 2687 3626 2726 et
3663 2683 3709 2725 in
3743 2683 3933 2737 mar-qim
3966 2683 4168 2726 anaim

2645 2760 2685 2797 et
2712 2755 2786 2797 nb.
2818 2755 2988 2809 signata
3014 2758 3109 2796 sunt
3138 2751 3355 2808 aher-ipra
3384 2754 3670 2797 annotatione:
3704 2742 3869 2796 omissa
3896 2754 4022 2796 haec.

2529 2848 2610 2902 34)
2638 2846 2787 2904 igitur]
2818 2846 2924 2888 Des
2937 2860 2996 2888 s.:
3028 2858 3163 2900 ergo3
3191 2846 3338 2888 Cass.
3372 2846 3413 2887 2.
3435 2858 3578 2902 proco
3601 2846 3781 2901 prima-m
3809 2844 3975 2887 habuit:
4008 2847 4170 2901 legitur

2645 2904 2755 2961 quod
2780 2903 2927 2949 deinde
2954 2904 3129 2947 deletum
3159 2909 3217 2947 eut
3248 2911 3285 2947 et
3314 2904 3362 2945 in
3388 2903 3578 2959 mar-yine
3605 2902 3877 2960 adscriptum:
3907 2903 4051 2957 Igitur

2531 2978 2611 3032 35)
2642 2976 2800 3035 ciuilis]
2830 2976 2966 3020 Rau:
2998 2976 3148 3017 ciuiles
4108 2988 4113 2991 ·

2531 3049 2610 3106 36)
2643 3048 2701 3106 et]
2731 3048 2841 3091 Fab
2851 3061 2889 3090 r.
2919 3046 3084 3090 emunit.

2531 3120 2610 3175 37)
2638 3118 2992 3175 administrandi]
3025 3119 3070 3160 in
3096 3117 3214 3161 Rat.
3244 3116 3370 3161 deese.

2531 3191 2611 3247 38)
2642 3192 2971 3235 administrandi
2999 3188 3289 3245 sacramenta]
3320 3189 3512 3231 Wire.:
3541 3193 3818 3230 sacramente
3840 3187 4173 3232 administrandi

2531 3264 2610 3319 39)
2639 3265 2781 3319 leges]
2811 3262 3007 3306 Oneld.
3032 3263 3214 3318 primum
3243 3273 3326 3318 pro
3376 3274 3423 3303 eo
3465 3256 3638 3302 nabaaz
3681 3261 3844 3302 formas
3887 3257 4174 3317 quod‘mttem

2648 3321 2795 3365 deinde
2823 3321 2994 3363 deletum
3024 3325 3098 3362 est.

2529 3395 2610 3451 40)
2640 3392 2747 3449 uon]
2780 3392 2932 3435 Nox-‚z
2963 3397 3038 3433 ant

2529 3467 2611 3522 41)
2643 3466 2699 3507 de
2728 3465 2870 3507 forma
2898 3460 3187 3519 reipublicae]
3218 3459 3335 3503 Rat.
3365 3459 3510 3502 addit:
3540 3459 3871 3510 constituenda‚·
3901 3457 4066 3501 wire.
4096 3458 4178 3502 ad·

2647 3523 2731 3565 dit:
2763 3521 3091 3563 constituendae

2533 3592 3042 3652 42)super]D1-esd.,
3074 3590 3240 3640 Non,
3263 3587 3481 3640 Onold.,
3512 3586 3692 3639 Wim.,
3721 3586 3816 3628 Ed.
3847 3592 3979 3629 ant.:
4011 3599 4144 3643 supra

2534 3667 2615 3722 43)
2646 3666 2720 3718 Et]
2750 3664 2928 3717 Dess„
2957 3662 3185 3713 Dresd.,
3216 3660 3440 3712 Onolu,
3469 3659 3646 3712 Wim.,
3675 3658 3829 3701 Fabr.
3859 3659 4060 3701 omittunt.

2534 3737 2614 3792 44)
2644 3737 2810 3778 Nostra
2839 3736 2992 3791 politia
3019 3736 3064 3776 in
3097 3734 3233 3776 coelis
3260 3731 3360 3788 est]
3390 3732 3610 3783 Dresd.,
3641 3732 3808 3775 Wlm.:
3838 3730 4000 3773 Politia
4027 3736 4180 3773 nostra

2650 3801 2715 3836 est
2744 3795 2790 3836 in
2821 3795 2940 3835 celis.
2999 3793 3093 3833 Ed.
3125 3797 3232 3833 ant.
3264 3803 3346 3847 pro
3385 3789 3541 3844 politia
3571 3787 3722 3833 habet:
3753 3789 3940 3843 polie=a,·
3970 3787 4177 3832 Onold.

2643 3858 2741 3908 pon
2770 3857 2848 3894 est.
2879 3850 3028 3894 addit:
3056 3850 3115 3891 Et

2535 3923 2616 3979 45)
2645 3922 2766 3978 Deo]
2801 3923 2865 3964 sic
2895 3922 3019 3964 etiam
3046 3922 3091 3963 in
3119 3920 3197 3963 Ra
3211 3927 3243 3963 t.

2652 3985 2852 4022 mutarum
2884 3984 2943 4023 ent
2973 3980 3040 4019 in:
3072 3978 3185 4029 Dei,
3244 3978 3409 4020 Wirc.
3439 3974 3583 4019 habet:
3613 3988 3641 4017 a
3667 3976 3768 4018 Deo

2534 4052 2614 4108 46)
2645 4049 2749 4110 ete.]
2777 4052 2824 4093 in
2852 4052 3033 4103 Desa,
3061 4048 3182 4093 Rat.
3213 4048 3340 4092 dem.

2536 4139 2615 4194 47)
2648 4137 2828 4193 donum]
2859 4137 2980 4178 Rat.
3004 4137 3187 4193 pn'mum
3209 4135 3331 4191 salso
3360 4132 3527 4177 tabum
3559 4134 3632 4188 dnj
3672 4133 3721 4187 (i.
3765 4145 3801 4174 e.
3852 4130 4035 4182 domini)
4072 4131 4186 4188 quod

2652 4196 2799 4239 deinde
2828 4195 3080 4238 emendatum
3110 4199 3182 4236 eat.

2535 4267 2616 4323 48)
2646 4266 2920 4323 beneficium]
2953 4267 3131 4309 Dess.:
3163 4264 3354 4306 officium

2535 4340 2616 4396 49)
2646 4339 2854 4395 Episcopi
2894 4352 2947 4382 ex
2988 4335 3215 4395 mandato]
3261 4337 3440 4388 Desa,
3484 4331 3706 4385 Dresd.,
3755 4330 3910 4383 Nor„
3955 4330 4171 4388 Onold„

2651 4398 2825 4449 Wim.,
2854 4397 3004 4448 Eat,
3034 4397 3225 4447 Wire.,
3253 4393 3436 4437 Fabr.:
3467 4397 3516 4434 vt
3544 4389 3753 4460 Episcopi
3782 4390 3987 4433 mandato

2535 4470 2614 4524 50)
2644 4470 2758 4523 iure]
2790 4470 2977 4511 Wirc.:
3008 4469 3104 4511 vieo
3134 4468 3191 4520 (i‘)

2537 4542 2615 4596 51)
2646 4541 2720 4597 ad]
2754 4543 2799 4582 in
2829 4540 3011 4593 Dese„
3040 4539 3155 4582 nat.
3189 4538 3315 4584 deest.

2536 4613 2616 4669 52)
2644 4610 2912 4669 Euangeli']
2951 4618 3049 4669 post
3094 4610 3200 4654 lum
3246 4623 3383 4653 vocem
3435 4608 3662 4661 Onam..
3705 4605 3799 4649 Ed.
3855 4610 3964 4646 ent.
4020 4573 4181 4648 addunt

2650 4668 2820 4716 Ικιοοσοε
2848 4628 3033 4727 §emper
3060 4675 3208 4714 auton
3247 4670 3494 4713 docuerunt
3527 4665 3689 4719 nostri,
3725 4669 3775 4706 ut
3807 4662 4049 4705 seditione·
4082 4673 4185 4719 pro·

3779 4748 3836 4791 21

3281 3921 3459 3975 primum
3494 3919 3691 3974 seriptum
3726 3923 3839 3968 erat,
3870 3916 4015 3959 deinde
4044 3922 4181 3961 autu·
