4966 5577
861 511 969 568 471
1610 505 1803 564 PHIL.
1838 506 2014 565 MEL.
2049 503 2366 563 SCRIPTA
2399 503 2854 563 DOGMATICA
2885 504 2984 563 ET
3019 503 3476 564 SYMBOLICA.
4121 507 4232 563 4⁷2

1123 667 1421 719 Germanica
1450 663 1729 719 Confessio
1759 667 1809 717 in
1839 664 1935 718 boc
1969 663 2248 719 Volumina
2274 666 2393 717 sine
2420 664 2664 734 peculiari
2694 665 2838 718 titulo
2879 663 2969 720 fol.
3004 668 3090 718 57.
3122 663 3328 718 orditur.
3382 662 3635 717 Praefatio
3654 664 3721 716 ad
3749 662 4045 729 Caesarem,
4065 683 4097 718 a
4127 682 4233 734 qua

866 742 1068 809 incipit,
1107 741 1274 792 finitur
1310 738 1398 789 l'ol.
1439 742 1564 799 60⁸3
1601 738 1817 790 Articuli
1854 738 1973 789 fidei
2010 737 2097 789 sol.
2133 740 2225 789 61·
2262 737 2535 789 ordiuntur.
2612 735 2893 789 Confessio
2932 753 3045 789 cum
3083 737 3542 804 subscriptionibus
3579 737 3746 789 finitur
3772 736 3858 788 fol.
3908 741 4053 790 108⁸.
4129 736 4231 794 Ce-

863 820 973 866 tera
1004 816 1034 865 5
1072 811 1178 864 soll.
1218 813 1589 878 subsequentia
1628 814 1817 864 109.--
1845 814 1963 863 113.
1999 808 2119 861 alba
2153 814 2288 861 sunt.
2318 841 2391 849 ---
2428 809 2845 869 Emendationes,
2884 826 3015 876 quae
3044 809 3093 860 in
3125 809 3226 860 boc
3247 806 3444 861 Codice
3479 809 3673 876 passim
3711 816 4001 873 occurrunt,
4031 810 4098 861 ab
4128 809 4233 864 alia

864 901 1016 937 manu
1058 886 1288 935 eiusdem
1339 884 1584 950 temporis
1632 881 1715 934 vel
1752 880 1903 950 paulo
1940 883 2150 934 serioris
2180 883 2403 949 scriptae
2432 888 2570 934 sunt.
2644 880 2752 949 (De
2789 882 2990 933 duobus
3020 878 3185 933 Codd.
3222 879 3410 934 latinae
3447 878 3811 936 confessionis
3850 882 3901 933 in
3939 881 4039 934 boc
4065 879 4233 937 Volu-

865 959 1001 1010 mine
1035 955 1288 1007 contentis
1317 970 1474 1023 supra
1509 972 1559 1022 p.
1592 956 1694 1007 213
1733 970 1849 1021 sqq.
1886 955 1982 1004 221
2020 970 2100 1020 sq.
2132 950 2276 1018 dixi.)

1123 1027 1222 1079 Hic
1251 1024 1431 1079 Codex
1459 1028 1509 1078 in
1548 1032 1723 1078 nostra
1756 1025 1999 1079 Editione
2034 1025 2339 1093 signabitur:
2379 1023 2524 1079 cass.

2203 1271 2252 1320 7.
2328 1267 2520 1320 Codex
2553 1268 2905 1320 Monacensis.

1124 1404 1224 1456 Hic
1261 1400 1443 1456 Codex
1471 1409 1640 1457 exstat
1675 1405 1726 1456 in
1753 1403 2031 1456 Volumina
2066 1400 2104 1455 l.
2134 1403 2378 1455 Actorum
2417 1400 2766 1464 comitiorum,
2799 1416 2932 1470 quae
2969 1403 3018 1455 in
3054 1402 3196 1471 regio
3225 1400 3478 1456 Bavarico
3515 1402 3764 1457 tabulario
3794 1405 4035 1457 sanctiori
4053 1374 4234 1460 Menan

866 1478 1011 1529 censi
1049 1481 1408 1541 asservantur,
1447 1474 1535 1530 fol.
1568 1479 1666 1529 651
1692 1505 1762 1516 ·-
1783 1479 1902 1531 663.
1942 1476 2041 1528 sub
2068 1472 2160 1526 Nr.
2194 1471 2340 1526 XIV.
2379 1474 2680 1544 inscriptus:

1125 1571 1397 1640 mugetgung
1427 1569 1504 1623 bet
1533 1569 1867 1638 &manutium
1897 1573 2017 1624 anab
2048 1571 2126 1625 bet
2154 1571 2243 1623 lete
2277 1570 2430 1620 1530.

861 1662 978 1715 ‘Sed
1006 1662 1132 1731 prob
1169 1662 1338 1717 dolor!
1368 1679 1581 1714 mancus
1612 1668 1719 1725 est;
1767 1678 1884 1715 nam
1921 1660 2009 1714 fol.
2043 1662 2171 1714 663⁶
2207 1660 2374 1712 finitur
2407 1659 2579 1712 verbis
2615 1659 2810 1712 articuli
2853 1659 2918 1711 de
2955 1658 3155 1715 Missa:
3197 1665 3306 1729 „fut
3349 1663 3541 1716 ‘liunbte
3579 1664 3834 1729 [chemlam
3871 1666 3961 1720 ”nb
3994 1667 4232 1730 Sobtm‘,

866 1751 990 1802 ergo
1022 1735 1342 1787 desideratur
1376 1733 1485 1787 fere
1523 1734 1693 1786 media
1737 1749 1859 1802 pars
1895 1733 2051 1786 buius
2095 1729 2322 1787 Codicis.
2394 1729 2489 1784 Illa
2526 1732 2641 1783 eius
2685 1749 2813 1800 pars
2859 1738 3159 1785 conservata
3202 1734 3381 1802 partim
3415 1731 3667 1785 lectiones
3706 1734 3916 1786 aliorum
3962 1734 4234 1799 Codicum,

867 1809 958 1874 qui
987 1808 1226 1874 integram
1266 1804 1625 1858 Confessionis
1663 1804 1869 1857 sennam
1906 1804 2173 1862 exhibent,
2220 1804 2399 1872 partim
2445 1808 2638 1856 textum
2669 1804 2986 1870 Editionum,
3018 1820 3149 1871 quae
3179 1820 3225 1857 a.
3261 1808 3414 1860 1530.
3448 1805 3756 1874 prodierunt,
3795 1807 4022 1870 affirmat,
4053 1810 4235 1878 partim

867 1879 1021 1931 etiam
1058 1879 1362 1945 quibusdam
1397 1878 1529 1930 locis
1557 1879 1621 1930 ab
1652 1878 1717 1928 iis
1763 1877 2034 1945 discrepat.
2110 1874 2203 1928 Sic
2239 1893 2273 1926 a
2318 1874 2818 1929 Foerstemanno
2856 1875 2892 1928 l.
2929 1875 2964 1928 l.
2999 1874 3036 1930 1.
3067 1894 3119 1945 p.
3161 1879 3263 1930 373
3303 1892 3385 1945 sq.
3423 1879 3714 1947 descriptus
3750 1885 3851 1933 est.

1126 1948 1182 2001 ln
1219 1967 1333 2002 mea
1366 1949 1606 2002 Editione
1635 1948 1769 2001 bunc
1806 1946 2051 2001 codicem
2088 1949 2330 2016 signabo:
2359 1945 2506 2000 Mon.

1594 2194 1645 2245 8.
1722 2187 1912 2242 Codex
1938 2187 2388 2258 Norimberqenu's
2423 2186 2758 2256 (Legatorum
2792 2189 3503 2258 Norimbergensium).

1120 2326 1203 2380 Ex
1230 2326 1542 2394 Legaterum
1569 2324 1806 2379 Civitatis
1842 2325 2316 2394 Norimbergensia‚
2343 2324 2604 2377 Kressii
2635 2330 2688 2376 et
2722 2324 3110 2378 Volkameri
3148 2325 3384 2396 epistolis
3414 2341 3572 2395 supra
3605 2342 3656 2395 p.
3700 2329 3803 2381 207
3845 2344 3961 2396 sqq.
4009 2330 4228 2398 saepius

861 2399 1085 2452 laudatis
1123 2397 1447 2466 intelligitur,
1477 2399 1541 2451 ab
1573 2400 1639 2451 iis
1669 2415 1768 2451 non
1800 2396 1969 2450 solum
2004 2396 2196 2458 formae
2229 2397 2563 2449 intermediae
2599 2395 2982 2458 Confessionis‚
3019 2398 3118 2450 sed
3147 2400 3299 2451 etiam
3329 2400 3555 2467 integrae
3590 2398 3778 2452 latinae
3814 2406 3868 2452 et
3911 2402 4233 2467 germanicae

864 2470 1227 2523 Confessionis
1258 2468 1547 2539 apographa
1573 2470 1639 2521 ad
1669 2469 1916 2522 Senatum
1943 2469 2425 2536 Norimbergensem
2462 2470 2627 2521 missa
2669 2485 2813 2521 esse.
2886 2468 3030 2521 Haec
3083 2469 3243 2522 forma
3280 2474 3492 2540 ‘integra
3545 2473 3812 2540 utriusque
3868 2469 4234 2527 Confessionia

862 2542 1032 2595 adbuc
1068 2544 1118 2593 in
1153 2541 1401 2595 tabulario
1438 2540 1578 2593 illius
1609 2538 1845 2594 Civitatis
1883 2547 2200 2602 asservatur,
2229 2557 2297 2593 ex
2336 2558 2438 2608 quo
2491 2558 2522 2591 a
2572 2540 2799 2608 Georg.
2849 2540 3079 2608 Wolfg.
3130 2540 3420 2595 Panzero
3467 2561 3513 2594 a.
3575 2545 3728 2595 1782.
3784 2544 3834 2594 in
3890 2542 4021 2596 libro
4072 2560 4238 2615 supra

863 2630 915 2684 p.
947 2615 1048 2667 223
1088 2630 1172 2681 sq.
1202 2615 1457 2666 recensito
1492 2612 1631 2665 edita
1674 2618 1772 2667 est.
1847 2612 2148 2665 Germanica
2194 2610 2473 2665 Confessio
2511 2613 2560 2664 in
2599 2611 2700 2664 boc
2726 2611 2857 2664 libro
2894 2628 2944 2681 p.
2989 2618 3011 2664 1
3040 2646 3102 2656 -
3129 2616 3215 2667 86.
3254 2614 3523 2668 exhibetur
3568 2632 3682 2667 cum
3721 2615 3875 2667 variis
3922 2616 4236 2672 lectionibus

851 2684 1109 2813 ,ἓίῐροτίε
1140 2685 1397 2738 doctrinae
1431 2684 1881 2753 Brandenburgici,
1909 2683 2165 2737 Editionis
2203 2682 2583 2736 Caelestini
2612 2685 2662 2736 in
2705 2686 2820 2736 eius
2869 2683 3097 2756 Historia
3138 2681 3468 2739 Comitiorum
3505 2688 3945 2756 Augustanomm,
3993 2693 4047 2744 et
4081 2688 4235 2744 Libri

950 2758 1186 2812 acordiae
1288 2757 1510 2810 manici.

1123 2773 1436 2883 Hichodex
1453 2867 1470 2892 ,
1507 2829 1657 2882 cuius
1690 2827 1894 2884 litterae
1926 2827 2198 2897 lineaeque
2234 2827 2528 2881 distractius
2559 2832 2795 2879 exaratae
2840 2834 2995 2891 sunt,'
3039 2831 3106 2881 24
3160 2828 3395 2898 plagulas
3443 2831 3637 2884 formae
3689 2832 3964 2894 maximae,
4021 2849 4239 2901 quarum

863 2901 988 2957 folia
1014 2904 1065 2955 in
1093 2901 1263 2955 medio
1300 2917 1394 2972 per
1427 2901 1795 2970 longitudinem
1831 2899 2019 2970 plicata
2053 2905 2201 2961 aunt,
2238 2900 2464 2952 continet
2502 2903 2660 2966 (teste
2699 2897 2980 2953 Panaero
3017 2900 3067 2963 l.⁴
3089 2900 3124 2955 l.
3161 2918 3210 2971 p.
3246 2900 3468 2972 ΧΧΙΙ.),
3504 2910 3658 2972 atque
3694 2905 3775 2957 sic
3811 2906 4087 2974 inscriptus
4118 2911 4235 2960 este

2143 3017 2448 3070 ffietanntnuo
2478 3016 2558 3068 beo
2590 3015 2600 3083 l
2632 3016 2906 3082 glaubenne.
2938 3016 2950 3087 Ι

2463 3109 2628 3161 388.

864 3224 950 3277 cui
979 3179 1296 3292 inscriptioni
1325 3222 1673 3291 superscripta
1706 3226 1830 3274 sunt
1857 3220 2049 3274 haecce
2082 3220 2269 3273 verbaz

2220 3336 2488 3403 fflbetgeben
2520 3336 2645 3389 anub
2675 3338 2880 3402 beriefim

2339 3491 2350 3500 ,
2389 3442 2472 3484 bot
2506 3431 2599 3493 tet.
2630 3431 2707 3487 vi.

2138 3522 2439 3591 “burim-tien
2470 3523 2636 3588 furtim
2665 3523 2754 3577 aab
2785 3522 2963 3586 viennen

2173 3619 2227 3681 bf
2259 3620 2338 3670 bet
2366 3619 2496 3697 „falb
2536 3619 2604 3670 25
2644 3617 2767 3680 Sani
2800 3620 2938 3670 1530

866 3745 1008 3812 (vide
1037 3743 1307 3797 Panzeri
1343 3744 1441 3798 Ed.
1477 3742 1569 3800 fol.
1602 3747 1649 3799 Ἠ
1690 3749 1744 3796 1·
1779 3751 1834 3797 et
1868 3744 2106 3796 Weber
2139 3742 2176 3796 l.
2213 3743 2252 3796 l.
2288 3743 2328 3797 1.
2358 3762 2407 3814 p.
2443 3747 2805 3806 184-187„
2842 3746 2930 3798 ubi
2961 3745 3028 3798 de
3064 3743 3165 3798 boc
3194 3742 3389 3799 Codice
3426 3747 3673 3813 disserit).
3913 3772 3919 3777 ·

865 3817 1082 3871 Articuli
1115 3817 1231 3868 fidei
1261 3818 1514 3878 numeria,
1544 3818 1631 3885 qui
1662 3817 1848 3868 arabici
1885 3817 2133 3881 dicuntur,
2164 3817 2391 3886 inscripti
2436 3822 2573 3869 aunt
2644 3814 2853 3869 Lituras
2907 3817 2957 3869 in
3003 3817 3103 3869 boc
3155 3815 3353 3871 Codice
3389 3817 3596 3879 ouvius,
3646 3818 3711 3872 de
3767 3835 3980 3887 quorum
4036 3820 4239 3888 origine

864 3889 1098 3942 Weber
1125 3889 1162 3943 l.
1198 3888 1232 3941 l.
1271 3887 1333 3941 11.
1372 3891 1421 3940 in
1450 3890 1764 3958 praetutiana
1801 3887 1889 3942 sol.
1925 3906 1954 3943 a
1993 3891 2024 3941 8
2056 3893 2109 3940 et
2143 3887 2299 3940 Dan.
2336 3887 2567 3942 Eberb.
2596 3886 2975 3957 Beyscblag
3017 3891 3066 3941 in
3094 3888 3225 3943 libro
3261 3889 3399 3943 illico
3428 3890 3740 3943 recensendo
3771 3888 4077 3959 p.Vllsqq.
4112 3907 4236 3943 sen-

864 3963 1052 4014 tentias
1082 3978 1212 4013 suas
1241 3967 1638 4031 proposuerunt,
1681 3959 1845 4013 Pana
1860 3978 2004 4013 erus
2053 3962 2104 4011 in
2139 3959 2238 4013 Ed.
2293 3977 2392 4013 sua
2444 3965 2680 4013 accurate
2725 3959 2995 4013 adnotavit.
3067 3962 3289 4015 Nomina
3341 3961 3630 4031 Principum
3677 3959 4058 4031 Civitatumque
4110 3965 4238 4017 sub-

866 4036 1058 4103 scripta
1093 4035 1140 4084 in
1174 4032 1571 4126 tingjaguntur5
1608 4038 1660 4085 at
1695 4032 1792 4084 bas
1826 4032 2236 4101 subscriptiones
2273 4049 2372 4085 non
2409 4047 2555 4086 esse.
2565 4033 2845 4100 genuinas,
2874 4032 2973 4085 aed
2999 4051 3032 4085 a
3060 4035 3230 4088 scriba
3262 4052 3329 4088 ex
3356 4032 3669 4104 praefatione
3713 4033 3946 4096 additas,
3985 4050 4143 4103 supra
4181 4036 4235 4088 in

867 4107 1168 4158 recensione
1207 4103 1418 4158 Codicis
1457 4104 1699 4158 Onoldini
1729 4107 1780 4157 2.
1819 4103 1939 4158 dixi.
2774 4151 2779 4156 .

1126 4176 1276 4230 Hunc
1309 4172 1556 4231 Codicem
1592 4177 1648 4229 in'
1672 4192 1788 4229 mea
1819 4176 2060 4229 Editione
2095 4176 2339 4243 signabo=
2369 4173 2503 4227 Nor.

1528 4424 1577 4474 9.
1653 4417 1845 4473 Codex
1877 4418 2289 4489 Nou-deinqmte
2324 4417 2617 4489 (Nicolai
2651 4417 2965 4471 Feaeneri
2994 4417 3244 4473 Consulis
3274 4417 3581 4489 Nordling.).

1126 4554 1448 4610 Nicolaus
1475 4554 1789 4629 Resonet,
1828 4553 2030 4610 Consul
2066 4553 2307 4610 Civitatis
2336 4553 2747 4623 Nordlingenais,
2790 4571 2838 4611 a.
2882 4558 3038 4609 1530.
3078 4555 3145 4608 ad
3199 4553 3420 4609 Comitia
3454 4556 3759 4624 Augustana
3793 4554 3946 4609 buius
3992 4552 4240 4612 Civitatis

866 4627 1118 4698 lagatus,
1150 4628 1268 4682 inde
1303 4628 1509 4682 rediens
1545 4644 1724 4683 secum
1761 4627 1931 4683 attulit
1960 4626 2304 4699 apographum
2343 4625 2706 4681 confessionis
2734 4628 3070 4699 germanicae,
3099 4626 3238 4698 quod
3273 4628 3443 4682 adbuc
3470 4628 3522 4681 in
3551 4626 3797 4683 tabulario
3830 4628 4026 4684 urbano
4063 4644 4240 4684 asae*
