4966 5577
872 614 985 676 839
1620 613 1811 671 PfflL.
1848 611 2027 668 MEL.
2063 608 2379 667 SCRIPTA
2413 608 2866 666 DOGMATIGA
2899 608 2995 664 ΕΤ
3031 578 3489 665 SYMBOLICA.
4132 606 4246 664 340
4267 603 4279 611 ”

875 773 953 842 (Q
982 778 1022 847 ᾗ
1049 773 1212 844 plag.)
1239 776 1488 843 signatae,
1518 775 1589 826 64
1619 772 1741 824 solia
1770 776 2054 830 numerata,
2087 776 2141 822 et
2174 771 2273 822 123
2304 768 2429 821 solia
2457 786 2556 820 non
2587 773 2849 819 numerata
2878 773 3022 837 (post
3056 783 3191 836 quae
3221 766 3398 819 folium
3435 764 3634 827 album,
3665 767 3716 833 Q
3747 771 3781 819 4
3810 768 4065 886 sequitur)
4101 766 4248 835 Apo-

874 845 1077 915 logiam
1103 845 1322 901 latinam
1369 844 1635 908 exhibent,
1664 860 1799 913 quae
1828 843 2019 895 orditur
2053 843 2119 895 ab
2149 841 2310 894 110000
2338 841 2486 894 titulo
2516 840 2785 909 peculiari:

2135 988 2977 1123 Atel-0⁵

2351 1184 2769 1325 (HA

2074 1384 3038 1527 conum&

2045 1577 2060 1586 ’
2158 1590 2955 1724 sunus,

877 1819 978 1872 nic
1009 1818 1192 1871 titulus
1224 1820 1425 1870 cinctus
1456 1823 1539 1869 est
1566 1818 1739 1885 figuris
1768 1818 1873 1869 aeri
1904 1817 2113 1877 incisis,
2144 1832 2353 1884 quarum
2383 1815 2618 1883 superior
2653 1830 2771 1883 pars
2804 1819 2957 1881 caput
2986 1819 3305 1875 coronatum,
3338 1810 3516 1866 dextra
3545 1821 3597 1867 et
3625 1815 3836 1867 sinistra
3873 1814 4126 1884 singulam
4162 1833 4246 1870 00-

877 1890 1128 1950 10100010,
1160 1891 1367 1943 inferior
1396 1891 1528 1942 duos
1559 1889 1775 1957 angelos
1807 1890 2054 1949 continet,
2088 1890 2174 1956 qui
2214 1890 2341 1940 intra
2380 1904 2504 1938 sese
2543 1886 2800 1938 scutulum
2850 1885 3059 1953 Georgii
3100 1885 3265 1938 Rbaw
3319 1886 3623 1955 typographi
3652 1893 3852 1947 tenent,
3892 1889 3941 1938 in
3982 1905 4083 1956 quo
4125 1894 4250 1942 sunt

879 1970 1098 2031 quatuor
1126 1962 1353 2015 litterae.
1385 1962 1433 2013 G
1463 1962 1680 2014 litteram
1710 1961 1761 2012 R
1798 1960 2229 2025 circumcluden8‚
2262 1959 2389 2011 infra
2425 1976 2555 2026 quas
2591 1959 2790 2010 litterae
2819 1958 2940 2010 RK
2970 1975 3250 2025 expressae
3287 1965 3425 2011 sunt.
3498 1958 3629 2011 Pars
3668 1961 3876 2029 postica
3916 1960 4072 2012 huius
4112 1960 4247 2015 tituli

878 2051 1050 2103 aeque
1078 2052 1141 2087 ac
1170 2034 1303 2087 tituli
1336 2035 1502 2090 illius
1515 2034 1769 2102 generalis
1798 2040 1955 2086 vacat.
2028 2031 2082 2084 ln
2115 2033 2213 2084 fine
2242 2031 2560 2101 Apologiae,
2594 2029 2763 2092 f01.Q
2796 2031 2853 2081 3¹³
2886 2030 3057 2080 medio
3088 2030 3274 2099 legitur
3303 2030 3495 2084 haecce
3525 2029 3796 2093 Clausuln:

1999 2165 2520 2223 IMPRESSVM
2565 2163 3125 2221 VITEBERGAE

2236 2284 2343 2339 per
2380 2266 2672 2338 Georgium
2709 2266 2891 2321 Rhana.

2342 2452 2418 2518 M.
2459 2452 2534 2507 D.
2571 2450 2778 2507 xxxi.

1139 2590 1284 2642 Haec
1312 2589 1413 2643 Ed.
1446 2606 1578 2658 quae
1608 2590 1657 2641 in
1688 2591 1818 2642 meis
1846 2590 1994 2644 libris
2025 2596 2139 2651 est,
2170 2591 2457 2644 accuratius
2490 2590 2747 2659 descripta
2775 2595 2860 2641 est
2887 2605 2920 2640 a
2948 2588 3220 2641 Weber-o
3249 2587 3281 2640 1.
3310 2589 3345 2641 1.
3393 2586 3455 2640 11.
3492 2606 3541 2657 p.
3576 2592 3642 2642 82
3684 2606 3801 2659 sqq.
3878 2588 3932 2643 ln
3976 2589 4247 2648 Conventa

875 2663 1160 2731 Numburgi
1191 2680 1237 2715 a.
1283 2665 1435 2715 1561.
1469 2663 1641 2714 habito
1673 2663 1802 2714 baec
1828 2663 1929 2716 Ed.
1961 2670 2199 2731 tanquam
2229 2663 2520 2716 authentica
2547 2662 2866 2730 subscripta,
2898 2667 3051 2729 atque
3081 2663 3131 2712 in
3174 2659 3406 2717 lenensis
3450 2661 3677 2729 Operum
3717 2663 3985 2716 latinorum
4030 2664 4244 2719 Lutheri

876 2735 1138 2790 Editionis
1167 2734 1328 2787 Tomo
1359 2731 1451 2786 lV.
1482 2735 1750 2788 Rorarii
1781 2753 1916 2795 cura,
1947 2735 2159 2804 (lbenae
2193 2739 2347 2788 1558.
2378 2735 2536 2801 Fol.,)
2569 2736 2617 2786 in
2646 2734 3135 2802 Wittembergensis
3164 2733 3390 2802 Operum
3419 2734 3767 2786 Melantbonis
3788 2734 3887 2786 Edi
3893 2736 4063 2798 tionis,
4092 2754 4246 2806 quam

875 2807 1145 2861 Peucerus
1193 2808 1409 2867 curavit,
1458 2806 1612 2858 Parte
1650 2806 1714 2870 1.‚
1762 2809 2118 2876 (lvitebergae
2153 2810 2307 2861 1562.
2338 2806 2504 2872 Fol.,)
2546 2807 2594 2859 10
2627 2805 2856 2874 Corpore
2885 2804 3194 2874 Thuringico
3223 2806 3379 2858 latino
3410 2805 3586 2872 (lenae
3621 2811 3775 2860 1571.
3806 2807 3972 2874 Fol.,)
4005 2809 4054 2861 in
4083 2812 4246 2879 prima

874 2880 993 2933 Nic.
1027 2880 1324 2932 Selnecceri
1364 2878 1607 2930 Editione
1654 2879 1768 2931 libri
1809 2879 1951 2932 latini
1992 2879 2308 2932 Concordiae
2348 2878 2519 2947 (Lips.
2574 2881 2729 2931 1580.
2770 2881 2858 2943 4⁰)
2897 2885 3052 2946 atque
3092 2881 3141 2931 in
3183 2876 3320 2931 Phil.
3361 2878 3569 2931 Mulieri
3615 2878 3746 2932 libro
3792 2879 3881 2932 lat.
3925 2878 4246 2935 Concordiae

877 2951 1057 3019 (lenae
1093 2955 1249 3005 1705.
1285 2955 1369 3016 40)
1401 2957 1453 3002 et
1490 2951 1612 3002 alibi
1642 2951 1730 3017 (de
1760 2953 1949 3018 quibus
1979 2951 2079 3002 alio
2109 2951 2224 3004 loco
2255 2952 2530 3016 disseram)
2561 2966 2746 3002 recusa
2775 2956 2872 3002 est.

1139 3023 1285 3074 Haec
1313 3021 1414 3073 Ed.
1454 3024 1684 3091 inprimis
1714 3024 1765 3073 in
1805 3023 2034 3075 doctrina
2073 3022 2142 3074 de
2187 3024 2583 3092 iustificatione,
2622 3021 2691 3073 dc
2737 3021 3021 3074 dilectione
3069 3028 3121 3074 et
3159 3021 3459 3089 impletione
3500 3021 3750 3091 109ίο,111
3787 3024 4133 3092 responsione
4168 3026 4247 3077 ud

880 3101 1186 3165 0191000010
1222 3094 1638 3147 adversariorum
1670 3102 1826 3163 atque
1857 3097 1907 3147 in
1938 3095 2165 3147 articulis
2200 3094 2291 3147 xl.
2329 3095 2399 3147 (10
2428 3097 2784 3161 consessione,
2813 3092 2926 3147 xli.
2965 3095 3035 3146 (10
3055 3097 3388 3162 poenitentia
3424 3101 3520 3147 etc.
3552 3101 3819 3148 retractata
3835 3113 3896 3148 ac
3924 3097 4116 3151 variata
4142 3104 4241 3151 est.

1472 3282 1519 3333 2.
1593 3281 1686 3336 De
1721 3281 1859 3336 Mel
1870 3281 2186 3338 ambonis
2213 3281 2466 3337 Edz’cione
2497 3301 2550 3337 a.
2595 3283 2964 3336 1535—1540.
3004 3281 3396 3352 quaternarias
3424 3279 3660 3350 formae.

1136 3408 1462 3471 Melanthon,
1494 3408 1854 3463 consessionis
1884 3412 2202 3479 germanicae
2228 3410 2469 3463 Editione
2497 3413 2687 3463 variata
2714 3427 2845 3462 anno
2879 3414 3036 3462 1533.
3067 3411 3219 3462 modo
3249 3411 3402 3471 finita,
3433 3410 3702 3463 consilium
3732 3412 3869 3480 cepit
3885 3411 4085 3466 latinae
4110 3410 4247 3466 Con-

882 3481 1128 3533 fessionis
1159 3485 1344 3533 iterum
1372 3484 1694 3534 retexendae.
1754 3482 1885 3535 Nam
1916 3485 1966 3536 d.
2009 3486 2093 3535 25.
2127 3481 2234 3539 lun.
2273 3488 2428 3537 1533.
2461 3484 2526 3535 ad
2555 3485 2678 3536 Ant.
2710 3481 2981 3534 Corvinum
3011 3482 3090 3533 sic
3119 3483 3325 3550 scripsit
3353 3480 3532 3552 (Corp.
3565 3481 3626 3533 11.
3658 3500 3710 3551 p.
3745 3488 3917 3549 6522)
3952 3483 4040 3537 „ln
4077 3484 4246 3539 Theo-

881 3552 1066 3621 logicis
1098 3554 1413 3606 assuefacito
1444 3560 1496 3605 te
1525 3556 1593 3607 ad
1622 3555 1931 3607 methodum.
2005 3555 2093 3606 Ad
2122 3556 2279 3616 banc,
2309 3556 2482 3626 vides,
2511 3573 2594 3607 me
2624 3571 2803 3606 omnes
2834 3556 3205 3606 controversias
3236 3554 3504 3622 diligenter
3541 3572 3779 3607 revocare
3816 3557 3866 3607 in
3905 3555 4153 3609 Romanis
4191 3564 4246 3611 et

881 3626 933 3677 in
964 3627 1268 3693 quibusdam
1298 3625 1585 3693 Apologiao
1621 3627 1770 3681 locis.
1843 3626 2036 3696 Spero,
2066 3628 2159 3679 tibi
2198 3630 2445 3694 quaedam
2483 3645 2599 3679 mea
2636 3626 2870 3694 exempla
2907 3627 3167 3694 profutura
3204 3644 3346 3680 esse.
3420 3626 3668 3678 Latinam
3714 3626 4034 3697 Apoloyiam
4078 3636 4244 3683 totam

881 3703 1158 3749 retexam.
1236 3697 1383 3749 Voce
1420 3697 1691 3766 ,4110109ἰο
1719 3701 1852 3751 enim
1889 3699 1939 3751 11.
1971 3699 2007 3753 l.
2039 3706 2093 3751 et
2120 3701 2169 3751 in
2201 3702 2541 3767 sequentibus
2571 3700 2883 3767 significatur
2919 3696 3216 3759 Confessio,
3248 3700 3438 3768 quippe
3469 3699 3607 3767 quod
3633 3699 3891 3768 Apologia
3919 3702 4121 3769 proprie
4161 3703 4243 3753 sic

882 3768 1021 3822 dicta
1054 3777 1176 3838 post
1202 3770 1495 3822 Editionem
1524 3773 1643 3823 anni
1680 3775 1830 3826 1531.
1862 3777 2073 3823 octavae
2104 3771 2294 3823 formae
2323 3789 2420 3823 non
2453 3772 2619 3823 denuo
2649 3772 2714 3823 ab
2744 3777 2951 3823 auctore
2981 3777 3065 3823 est
3094 3776 3380 3823 retractata.
3449 3772 3602 3823 Anno
3638 3775 3791 3825 1535.
3830 3771 3931 3824 hoc
3970 3790 4127 3841 opere
4157 3790 4241 3825 oc·

882 3847 1098 3912 cupatus
1130 3842 1249 3903 suit,
1281 3843 1333 3893 id
1366 3843 1503 3911 quod
1532 3861 1598 3895 ex
1624 3842 1772 3895 hisce
1800 3843 2131 3912 epistolarum
2161 3842 2293 3894 locis
2322 3841 3010 3911 intelligitur21.epistolae
3039 3842 3104 3893 ad
3134 3839 3473 3895 camerarium
3503 3842 3556 3895 d.
3592 3847 3675 3897 11.
3703 3843 3872 3896 Martii
3909 3848 4063 3898 1535.
4091 3845 4242 3898 datae

881 3913 1058 3983 (Corp.
1091 3912 1150 3969 11.
1181 3933 1231 3983 p.
1265 3917 1358 3967 861
1373 3918 1439 3981 .:)
1476 3914 1725 3967 „Recudo
1754 3915 2073 3984 Apologiam
2110 3921 2164 3967 et
2192 3915 2360 3976 10000,
2394 3922 2445 3967 01
2477 3922 2613 3968 00110
2651 3917 2801 3984 cupio
2842 3914 3141 3982 simpliciter
3179 3915 3431 3983 explicare
3470 3916 3773 3983 praecipuos
3819 3915 3993 3977 locos,
4036 3917 4133 3969 sed
4175 3918 4245 3971 ad

879 4004 984 4038 rem
1023 3993 1216 4038 tantum
1248 4004 1380 4055 opus
1412 3993 1520 4040 erat
1549 3988 1765 4056 quadam
1797 3988 2246 4040 communicatione
2274 3991 2360 4040 καὶ
2390 3992 2715 4054 ξυνομιλίαις.
2784 3986 2935 4055 Rogo
2965 3992 3045 4048 te,
3084 3993 3142 4039 ut
3168 4003 3404 4054 graecum
3440 3987 3763 4056 Epigramma
3799 3987 3923 4041 mibi
3964 4006 4241 4058 componas

876 4054 1261 4128 praefigendum
1290 4059 1606 4128 Apologiac‚
1638 4066 1716 4118 et,
1747 4062 1796 4109 si
1823 4058 1969 4121 libet,
2007 4059 2223 4112 alterum
2253 4060 2434 4111 locis«
2451 4062 2562 4121 2.
2596 4059 2849 4128 epistolae
2878 4061 2942 4112 ad
2971 4057 3044 4110 lo.
3081 4059 3459 4111 Lachmannum
3501 4058 3552 4113 d.
3585 4062 3671 4113 25.
3701 4059 3865 4128 April.
3912 4064 4068 4115 1535.
4115 4063 4244 4114 scri-

879 4137 999 4199 ptae
1030 4131 1178 4198 (ibid.
1209 4148 1259 4199 p.
1294 4137 1468 4198 871..)
1511 4132 1657 4200 „Ego
1688 4142 1822 4184 nunc
1850 4132 2039 4183 recudo
2072 4138 2124 4183 et
2153 4131 2299 4183 locor
2335 4148 2624 4183 communes
2659 4138 2713 4183 et
2745 4131 3095 4199 Apoloqiam,
3133 4138 3185 4183 01
3219 4147 3374 4199 spero
3402 4149 3486 4184 me
3515 4130 3776 4199 plerisque
3808 4132 4239 4201 disputationibus

878 4202 1001 4272 plus
1029 4202 1238 4256 luminis
1278 4203 1546 4256 allaturum
1578 4221 1754 4257 essem
1768 4207 1883 4268 ;.3
1932 4203 2185 4273 epistolae
2214 4203 2280 4254 ad
2320 4201 2405 4254 Fr.
2443 4203 2739 4273 Myconium
2780 4221 2848 4254 m.
2887 4204 3050 4272 April.
3087 4206 3243 4256 1535.
3283 4205 3507 4273 scriptae
3550 4204 3692 4271 (ibid.
3740 4221 3792 4273 p.
3835 4207 4008 4272 872.)·
4067 4207 4244 4273 »Apo-

879 4273 1075 4343 loqiam
1104 4276 1294 4328 recudo
1323 4283 1377 4328 et
1407 4276 1514 4328 fere
1543 4283 1700 4330 totam
1731 4292 1912 4328 novam
1943 4277 2102 4348 facio,
2130 4283 2188 4328 ut
2217 4276 2403 4329 babeat
2430 4277 2601 4328 minus
2633 4275 2979 4344 sophistices.
3052 4275 3285 4328 Eduntur
3313 4282 3367 4328 et
3409 4275 3549 4328 Loci
3585 4293 3918 4328 communes.
3995 4276 4080 4328 ob
4110 4277 4245 4329 hanc

879 4352 935 4398 et
965 4345 1326 4413 Confer-rionis
1362 4355 1416 4399 et
1441 4347 1706 4402 Locorum
1742 4350 2076 4400 communium
2104 4349 2285 4400 eodem
2314 4366 2446 4401 anno
2476 4348 2661 4401 factam
2689 4349 3092 4400 retractationem
3123 4347 3404 4400 Bertram
3416 4364 3488 4399 us
3519 4350 3568 4400 in
3598 4348 3635 4402 1.
3685 4347 4073 4401 Wachenuicloe
4106 4348 4244 4402 Hal·

879 4417 1042 4471 lin-he
1070 4420 1330 4488 Anzer‘yen
1357 4437 1469 4472 vom
1497 4420 1553 4473 J.
1590 4424 1745 4475 1776.
1774 4437 1825 4489 p.
1859 4423 1963 4474 834
1992 4437 2109 4489 sqq.
2138 4427 2278 4474 recte
2307 4422 2499 4475 indicat
2526 4427 2580 4474 et
2608 4419 2860 4490 exemplis
2890 4420 3204 4473 demonstrat
3229 4425 3497 4489 utrumque
3524 4420 3707 4474 librum
3736 4422 3911 4474 intimo
3941 4438 4077 4474 nexu
4113 4437 4243 4475 esse

881 4493 1229 4552 coniunctum,
1268 4499 1327 4545 ut
1360 4492 1488 4545 alter
1518 4510 1583 4544 ex
1610 4493 1769 4546 altero
1799 4493 2038 4562 explicari
2068 4494 2251 4563 possit.
2269 4495 2324 4562 ²)

1062 4710 1109 4764 ’)
1138 4709 1658 4824 affilaztgssaeflguin
1687 4708 1950 4759 cosmam
1976 4708 2198 4758 ancorae
2222 4720 2269 4765 0.
2303 4710 2398 4756 188.
2425 4710 2509 4795 1100
2534 4709 2762 4765 proposuit
2788 4708 3014 4756 munaum·
3049 4710 3199 4766 „Amo
3231 4709 3526 4766 00011100οι
3562 4708 3679 4755 10010
3717 4708 3893 4757 videtur
3928 4718 4031 4756 0000
4070 4709 4243 4756 articuli
