4966 5577
799 573 908 631 3¹75

1553 573 1743 630 Pnn..
1771 574 1946 631 MEL.
1983 571 2294 630 SCRIPTA
2334 570 2781 653 QOGMAthA
2819 570 2914 627 ΕΤ
2948 568 3405 629 SYMBOLICA.

4051 570 4161 626 3⁷6

1198 730 1668 786 ARthvm
1716 729 1837 785 DE
1893 730 2396 787 ABvslssvs
2453 729 2617 793 Qvl
2673 728 2764 784 IN
2821 728 3314 784 EXTERMS
3369 727 3765 785 Rt'rtssvs

2096 815 2474 873 MVTATt
2531 813 2797 872 SVNT.
2827 819 2869 882 ¹)
4013 828 4042 849 .-

1354 952 1468 1009 DE
1518 953 1874 1019 Missam)

947 1067 1117 1125 Falso
1179 1079 1518 1124 accusantur
1590 1066 1886 1124 Ecclesiae
1957 1079 2215 1134 nostrae,
2290 1069 2441 1140 quod

802 1140 1037 1196 Missam
1071 1139 1352 1195 aboleant.
1409 1141 1700 1195 Retinetur
1738 1142 1878 1195 enim
1916 1139 2094 1195 Missa
2129 1141 2275 1212 apud
2314 1157 2442 1210 nos,

803 1222 859 1268 et
895 1230 1111 1268 summa
1149 1214 1459 1267 reuerentia
1497 1209 1848 1277 celebratur,
1896 1222 2194 1269 seruantur
2233 1222 2287 1267 et
2336 1213 2444 1266 vsi·

747 1312 755 1323 ·
802 1294 954 1340 tatae
992 1286 1338 1340 ceremoniae
1375 1283 1493 1339 sere
1540 1300 1764 1350 oannes,
1814 1294 2036 1356 praeter
2081 1302 2245 1356 quam
2291 1284 2440 1355 quod

804 1354 992 1411 latinis
1032 1358 1386 1410 cantionibus
1423 1357 1799 1411 admiscentur
1826 1354 2030 1411 alicubi

805 1446 949 1501 quae
969 1429 1190 1484 additae
1210 1439 1337 1482 sunt
1359 1429 1429 1483 ad
1453 1429 1763 1482 docendum
1782 1426 2066 1499 populum,
2111 1429 2216 1482 deo
2238 1429 2379 1481 enim
2392 1431 2440 1490 ⁸)

807 1516 950 1572 opus
1008 1511 1093 1554 cst
1152 1500 1514 1572 ceremonijs,
1568 1511 1625 1555 vt
1683 1500 1925 1555 doceant
1969 1501 2274 1571 imperitos,
2316 1504 2364 1566 ⁴)
2387 1509 2485 1554 ett

803 1573 1061 1627 tractatio
1102 1573 1257 1625 verbi
1296 1570 1402 1625 Dei
1435 1571 1638 1626 excitet
1673 1570 1894 1645 aliquos
1929 1573 2003 1626 ad
2040 1589 2234 1627 verum
2284 1573 2441 1625 timo·
2480 1564 2486 1636 !

805 1662 943 1710 rem,
980 1654 1034 1698 et
1072 1644 1256 1710 fidem,
1297 1651 1353 1696 et
1387 1644 1809 1699 inuocationem.
1833 1646 1881 1705 ⁴)
1936 1641 2007 1697 Et
2044 1660 2155 1698 non
2185 1642 2370 1698 solum
2392 1646 2441 1710 ὅ)
2479 1640 2486 1685 ³

808 1712 1013 1770 Paulus
1051 1715 1337 1786 praecepit
1361 1719 1408 1775 ⁶)
1457 1716 1534 1770 vti
1579 1714 1770 1787 lingna
1804 1713 2094 1770 intellecta
2137 1712 2369 1786 populo,
2395 1719 2440 1775 ⁷)

805 1789 906 1842 sed
947 1789 1111 1841 etiam
1141 1789 1215 1841 ita
1261 1785 1615 1841 constitutum
1674 1797 1762 1842 est
1822 1787 2065 1841 humano
2123 1789 2258 1842 iure.
2334 1788 2441 1874 Ad:

806 1858 968 1913 suefit
1017 1858 1283 1930 populus,
1338 1869 1399 1914 vt
1444 1875 1554 1914 vna
1599 1869 1824 1914 vtantur
1868 1869 2252 1924 saci-annuento,
2299 1860 2441 1930 siqui
2482 1884 2488 1906 ι

806 1939 939 1985 sunt
994 1930 1191 1985 idonei.
1264 1931 1323 1985 ld
1380 1947 1604 2003 quoque
1657 1940 1827 2003 auget
1893 1933 2260 1986 reuerentiam
2317 1939 2372 1985 et
2390 1933 2441 1994 ⁸)

804 1999 1126 2072 religionem
1177 2001 1520 2075 publicarum
1569 2004 2024 2058 ceremoniarum.
2098 2001 2248 2057 Nulli
2296 2003 2441 2056 enim
2484 2027 2489 2060 ε

805 2075 1193 2140 admittuntur,
1240 2074 1348 2128 nisi
1403 2075 1558 2145 prius
1581 2080 1627 2138 ο)
1675 2071 1965 2146 explorati.

806 2145 970 2201 etiam
1027 2145 1279 2200 homines
1337 2147 1409 2201 de
1473 2146 1740 2218 (lignitate
1801 2156 1854 2201 et
1918 2163 2024 2200 vsu
2088 2147 2491 2210 sacramenti‚·

807 2225 1069 2288 quantam
1103 2221 1171 2284 ¹⁰)
1242 2218 1686 2273 consolationem
1771 2222 1838 2283 ¹¹)
1859 2228 2134 2289 proponat
2194 2217 2284 2271 his
2349 2218 2443 2290 qui

803 2299 978 2359 agunt
1025 2291 1443 2360 poenitentiam,
1491 2300 1549 2344 vt
1594 2290 1811 2344 discant
1857 2290 2110 2345 homines
2158 2301 2214 2345 et
2252 2291 2446 2346 timere

803 2360 1021 2426 Deum,
1057 2371 1115 2416 et
1143 2361 1402 2427 credere,
1438 2369 1496 2416 et
1531 2372 1829 2416 exerceant
1866 2361 2303 2429 humationem,
2348 2378 2445 2432 pe-

805 2440 925 2486 tant
961 2442 1018 2486 et
1052 2450 1120 2487 ex
1163 2442 1348 2487 ectent
1382 2434 1532 2488 bona
1566 2450 1602 2489 a
1636 2431 1783 2488 Deo.
1857 2433 1929 2487 Hi
1974 2444 2107 2488 sunt
2153 2435 2274 2490 veri
2327 2431 2443 2489 cul·

802 2512 898 2558 tus
936 2500 1126 2558 Christ
1145 2521 1396 2571 anorum,
1433 2505 1554 2560 Hos
1591 2502 1806 2573 cultim,
1842 2506 2112 2572 timorem,
2140 2505 2326 2573 fidem,
2363 2505 2445 2560 in-

803 2575 1185 2644 uocationem‚
1213 2593 1370 2648 spem
1409 2586 1516 2631 etc.
1565 2578 1772 2649 probat
1823 2575 2004 2633 DeuS.
2079 2576 2272 2650 ltaque
2318 2594 2444 2633 cum

803 2646 864 2701 hi
902 2646 1087 2703 cultus
1117 2659 1449 2704 exercentur
1492 2650 1550 2705 in
1598 2664 1709 2704 vsu
1747 2650 2215 2717 ceremoniarum,
2262 2646 2446 2721 placet

805 2718 932 2775 Deo
970 2721 1309 2776 sacramenti
1356 2737 1514 2776 vsus.
1588 2720 1729 2776 Cum
1774 2723 1942 2794 igitur
1986 2731 2044 2777 et
2088 2723 2161 2776 ad
2199 2738 2445 2777 ceremo-

803 2794 952 2847 niam
1007 2792 1275 2848 assuefiat
1328 2791 1601 2865 populus,
1657 2800 1713 2847 et
1764 2794 1838 2848 de
1892 2811 2001 2849 vsu
2062 2794 2446 2860 admoneatur,

805 2862 948 2919 fiunt
999 2862 1216 2920 Missae
1269 2866 1418 2935 apud
1472 2882 1579 2922 nos
1635 2866 1739 2920 rite
1784 2874 1839 2921 et
1876 2866 1994 2936 pie,
2049 2865 2121 2922 Et
2174 2875 2447 2940 geruntur

807 2937 993 2990 omnia
1026 2937 1082 2990 in
1128 2934 1393 2992 Ecclesia
1433 2939 1647 2993 maiore
1692 2954 1817 2992 cum
1863 2937 2138 3010 grauitate
2191 2947 2248 2992 et
2285 2953 2447 2993 reue·

805 3008 1011 3073 remia,
1047 3025 1215 3080 quam
1250 3005 1399 3062 olim.
1426 3012 1498 3076 ¹¹)

841 3279 891 3335 1)
922 3281 1107 3322 Articvli
1147 3282 1203 3323 de
1247 3281 1449 3323 abvsibvs
1487 3304 1543 3313 —-
1573 3283 1725 3324 mvtati
1764 3281 1894 3338 svnt]
1933 3296 2013 3338 pro
2059 3281 2139 3325 Ιιασ
2179 3285 2446 3339 incriptione

924 3337 1177 3381 Editionum
1206 3341 1247 3383 3.
1279 3341 1321 3383 4.
1351 3340 1397 3381 t’n
1435 3339 1573 3381 Editt.
1606 3343 1644 3385 1.
1687 3341 1728 3383 2.
1765 3340 1920 3394 leyttur
1963 3339 2132 3383 haecce:
2173 3341 2359 3385 Articvli
2397 3347 2443 3384 in

923 3396 1079 3449 qvibvs
1127 3403 1405 3438 recensentur
1452 3398 1611 3440 abusus
1657 3398 1824 3440 mutati.
1873 3420 1924 3429 -
1959 3397 2238 3451 Prooemium,
2267 3399 2377 3455 quod
2400 3401 2446 3441 ὑ.

925 3453 1060 3496 Editt.
1104 3457 1143 3497 1.
1177 3456 1218 3498 2.
1260 3453 1365 3496 hanc
1401 3456 1703 3511 inscriptionem
1742 3453 2019 3511 subsequitur:
2067 3456 2177 3497 Cum
2217 3457 2444 3499 Ecclesiae

924 3512 1040 3565 apud
1069 3524 1151 3553 nos
1180 3535 1233 3544 —
1266 3536 1321 3544 —
1353 3513 1435 3554 rite
1463 3512 1573 3555 fiant
1600 3516 1646 3556 in
1677 3514 1898 3567 Ecclesijs.
1958 3513 2071 3568 (vide
2099 3526 2228 3569 cupra
2258 3528 2306 3570 p.
2343 3517 2443 3561 291.

924 3569 995 3610 lin.
1031 3571 1098 3613 11.
1132 3593 1188 3602 —
1211 3583 1258 3627 p.
1289 3571 1390 3614 293.
1422 3571 1493 3612 lin.
1524 3571 1607 3623 3.),
1638 3571 1682 3613 in
1711 3571 1845 3612 Editt.
1877 3572 1919 3614 3.
1951 3573 1994 3615 4.
2025 3571 2214 3612 antissam
2245 3578 2319 3616 cst.

838 3655 890 3706 2)
920 3653 990 3694 De
1022 3654 1188 3709 Missa]
1217 3653 1286 3698 hie
1322 3662 1403 3698 an,
1437 3655 1614 3698 alea-inc
1643 3654 1792 3698 Partis
1832 3654 2111 3709 Consanum
2148 3658 2193 3699 in
2226 3657 2364 3700 Editt.
2398 3661 2441 3704 3.

926 3713 968 3755 4.
1000 3710 1073 3753 hoc
1094 3715 1232 3769 primo
1260 3715 1371 3764 loco,
1401 3713 1445 3754 t'n
1475 3713 1612 3755 Editt.
1647 3717 1686 3757 1.
1719 3715 1763 3758 2.
1793 3717 1927 3778 autent
1956 3714 2184 3758 tertioloco
2214 3715 2444 3761 exhibetur.

837 3783 889 3836 8)
919 3782 1027 3824 ideo
1052 3782 1189 3839 “enimJ
1222 3787 1284 3826 εἰσ
1312 3784 1446 3826 Editt.
1487 3787 1529 3829 3.
1570 3787 1641 3836 4.,-
1684 3785 1769 3828 Ed.
1803 3787 1864 3830 1.:
1908 3784 2021 3828 Nam
2065 3787 2123 3828 ad
2167 3787 2250 3828 hoc
2293 3799 2446 3839 vntum·

924 3842 1008 3883 Ed.
1041 3842 1102 3882 2..
1136 3842 1248 3883 Nam
1279 3842 1336 3883 ad
1364 3842 1449 3883 hoc

837 3927 888 3982 4)
920 3933 963 3968 ct
992 3929 1194 3968 tractatio
1226 3928 1335 3983 (Ed.
1357 3929 1400 3973 3.
1415 3935 1579 3985 eypoyr.
1597 3943 1764 3973 errorc=
1793 3932 1959 3983 traxio)
1980 3932 2102 3973 verbi
2124 3955 2178 3963 ——
2197 3938 2243 3973 et
2266 3933 2444 3973 inuoca-

924 3986 1106 4039 tioncm]
1136 3984 1238 4028 haec
1265 3987 1308 4027 v'n
1339 3984 1471 4028 Editt.
1503 3989 1544 4033 3.
1583 3989 1625 4033 4.
1667 3989 1824 4031 inserta
1862 3995 1979 4040 ευητ.
2018 3990 2061 4030 in
2099 3989 2183 4032 Ed.
2223 3990 2267 4033 2.
2310 3995 2445 4033 aaran

917 4056 1000 4097 pro
1028 4042 1093 4083 ln'a
1129 4043 1278 4086 addita
1315 4051 1408 4087 sunt
1446 4043 1595 4089 'mem
1622 4047 1776 4088 verba.-
1813 4053 1854 4087 et
1896 4047 2108 4101 quosdam
2139 4048 2303 4088 excitet
2341 4059 2444 4089 uere

925 4101 981 4141 ad
1012 4102 1208 4142 timorem
1240 4108 1313 4143 aut
1342 4102 1470 4144 tidem
1501 4115 1553 4145 ac
1583 4106 1828 4146 orationem
1858 4106 2060 4146 vectatio
2090 4106 2216 4147 uerbi
2244 4104 2346 4148 Dei.

837 4170 888 4223 5)
918 4172 1075 4225 solum]
1104 4173 1166 4213 εἰσ
1192 4173 1329 4218 Editt..
1361 4177 1403 4219 3.
1434 4177 1502 4226 4.;
1532 4175 1666 4219 Editt.
1701 4178 1741 4221 1.
1773 4178 1843 4220 2..
1873 4176 2004 4218 modo

836 4243 888 4297 6)
920 4245 1160 4300 praecepit]
1189 4247 1252 4288 εἰσ
1279 4247 1415 4289 Editt.
1447 4249 1489 4293 3.
1520 4248 1584 4302 4.;
1615 4247 1752 4291 Editt.
1783 4250 1823 4293 1.
1853 4251 1922 4293 2.:
1954 4248 2166 4304 praecipit

837 4316 888 4368 7)
919 4317 1113 4371 populo‚]
1142 4318 1206 4359 sic
1232 4318 1371 4360 Editt.
1402 4321 1444 4364 3.
1476 4320 1544 4370 4.,·
1588 4320 1724 4363 Editt.
1760 4323 1798 4364 1.
1828 4322 1896 4364 2..
1936 4322 2101 4378 populo
2142 4323 2189 4363 in
2228 4321 2445 4374 Ecclesia,
2484 4331 2492 4382 ξ

835 4387 887 4440 8)
920 4387 979 4443 etl
1015 4389 1077 4430 sic
1105 4389 1243 4433 Editt.
1277 4392 1318 4436 3.
1348 4392 1416 4442 4.;
1447 4392 1584 4434 Edita.
1618 4396 1656 4438 1.
1689 4395 1758 4436 2.:
1788 4405 1840 4435 ac

834 4459 885 4511 9)
918 4460 1057 4516 prius]
1089 4462 1152 4504 sic
1180 4461 1314 4506 Editt.
1347 4465 1388 4509 3.
1419 4466 1486 4518 4.;
1516 4465 1651 4507 Editt.
1685 4468 1725 4510 1.
1756 4466 1824 4509 2.t
1854 4471 1987 4508 antea

808 4531 886 4585 10)
916 4533 1138 4589 quantam]
1172 4536 1235 4577 sic
1262 4536 1396 4578 Editt.
1430 4537 1469 4579 1.
1498 4538 1541 4580 2.
1570 4538 1637 4588 4..
1668 4536 1749 4579 Ed.
1781 4538 1825 4582 3.
1854 4543 1942 4593 τῃ).
1974 4550 2138 4581 cuv-ore:
2169 4544 2376 4594 quantum

808 4609 886 4664 11)
917 4621 1135 4666 proponat
1169 4613 1238 4656 his
1287 4615 1363 4669 qni
1402 4620 1538 4666 agunt
1571 4637 1630 4646 -
1668 4637 1724 4646 —-
1764 4621 1809 4656 et
1843 4618 2090 4659 reuerentia
2131 4629 2261 4672 quam
2301 4617 2446 4673 oiim]

922 4669 984 4710 cic
1022 4669 1158 4714 Editt.
1198 4673 1242 4716 3.
1281 4674 1349 4723 4.;
1386 4673 1526 4714 Editt.
1569 4673 1609 4717 1.
1648 4673 1718 4716 2..
1758 4672 1914 4715 aflerat
1947 4676 2115 4729 pauidis
2152 4675 2443 4731 conscientiis,

921 4748 978 4758 —
1007 4749 1063 4759 -
1091 4728 1188 4770 fleri
1216 4742 1348 4784 quam
1376 4730 1489 4784 apud
1518 4741 1614 4773 noe.
1647 4728 1924 4788 (vide-upon
1943 4744 1990 4788 p.
2023 4733 2124 4778 298.
2158 4733 2228 4775 lin.
2266 4733 2439 4787 4—0.).

2479 1103 2485 1118 i

2068 1357 2442 1480 qernianicae,
2481 1392 2484 1398 -

2058 2075 2444 2130 Admonentui·
2486 2095 2490 2100 ’

2664 948 2899 1005 Constat
2971 960 3156 1005 autem
3255 952 3323 1015 ¹2)
3341 949 3530 1005 multis
3605 947 3815 1006 seculis
3880 949 4162 1020 publicam

2519 1021 2697 1078 fuisse
2753 1021 3034 1094 querelam
3084 1024 3353 1078 bonorum
3414 1023 3690 1088 virorum,
3742 1023 3814 1076 de
3860 1022 4160 1080 Missurum

2481 1096 2699 1150 =abusu
2756 1113 2825 1149 ac
2881 1094 3340 1165 prophanatione,
3368 1095 3437 1159 ¹²)
3490 1093 3617 1148 Non
3646 1098 3715 1160 ι3)
3765 1094 3911 1150 enim
3957 1096 4160 1152 obscu-

2478 1194 2486 1243 ,
2518 1184 2639 1222 rum
2678 1176 2782 1229 est,
2819 1185 2987 1239 quam
3008 1164 3138 1223 -late
3173 1176 3360 1239 pateat
3395 1164 3489 1220 hie
3524 1167 3771 1233 abusus,
3808 1169 3864 1221 in
3903 1169 4161 1224 omnibus

2518 1236 2760 1309 templis,
2796 1257 2831 1294 a
2867 1238 3124 1311 qualibus
3173 1237 3530 1293 celebrentur
3575 1235 3806 1305 Missae,
3871 1241 3941 1306 ι4)
3960 1249 4161 1296 contra

2519 1309 2808 1365 canonum
2859 1313 3225 1365 interdictum.
3301 1308 3522 1365 Deinde
3576 1326 3741 1380 quam
3798 1311 4035 1383 turpiter
4085 1312 4162 1368 ad

2519 1380 2855 1455 sacrilegum
2912 1395 3202 1454 quaestum
3260 1379 3638 1436 conserantur.
3735 1380 3961 1438 Plurimi
4013 1384 4157 1439 enim

2480 1452 2804 1509 ¹celcbrant
2857 1453 3094 1519 Missas,
3142 1464 3199 1508 et
3249 1455 3370 1508 sine
3420 1453 3788 1523 poenitentia,
3845 1463 3901 1509 et
3946 1464 4158 1511 tantum

2521 1526 2732 1580 ventris
2774 1544 2960 1581 causa.
3039 1526 3192 1580 Haec
3229 1528 3447 1580 notiora
3495 1533 3645 1590 sunt,
3681 1543 3847 1598 quam
3895 1536 3956 1580 vt
4004 1526 4158 1581 dissi·

2522 1595 2718 1652 mulari
2757 1599 2985 1669 possint.
3064 1598 3183 1651 Nec
3233 1598 3447 1652 videtur
3495 1614 3734 1668 vnquam
3773 1595 3891 1652 vlla
3937 1615 4031 1654 res
4080 1598 4157 1654 di-

2481 1695 2485 1723 ι
2521 1670 2651 1723 uina
2686 1670 2759 1725 ab
2796 1669 2959 1744 initio¹
2988 1671 3195 1735 mundi,
3234 1670 3375 1724 adeo
3406 1665 3501 1724 vul
3545 1685 3579 1721 o
3618 1669 3690 1722 ad
3725 1680 4017 1740 quaestum
4045 1667 4159 1725 col-

2481 1740 2487 1776 ¹
2523 1739 2635 1795 lata
2671 1757 2820 1805 esse,
2849 1741 2992 1796 sicut
3033 1741 3225 1796 Missa.
3254 1745 3324 1798 ¹⁴)
3401 1741 3517 1795 Pau
3543 1759 3611 1795 us
3651 1751 3835 1797 autem
3880 1740 4159 1798 horribili·

2481 1799 2488 1879 Ι
2524 1825 2607 1867 ter
2638 1816 2705 1879 Ιὃ)
2742 1810 2980 1869 minatur
3014 1812 3122 1877 liis,
3160 1814 3254 1885 qui
3290 1813 3514 1885 indigne
3550 1822 3794 1869 tractant
3842 1830 4159 1869 sacramen-

2482 1909 2488 1935 .
2523 1895 2658 1950 tum,
2689 1889 2757 1950 ¹⁶)
2796 1904 2920 1940 cum
2959 1888 3054 1951 ait,
3094 1884 3203 1947 Qui
3238 1886 3467 1959 indigne
3516 1884 3694 1940 ederit
3742 1903 3940 1956 panem
3989 1884 4161 1952 hunc,

2483 1964 2619 2011 :aut
2666 1957 2865 2011 biberit
2917 1956 3146 2011 calicem
3202 1956 3446 2021 Domini,
3477 1960 3544 2023 ¹⁷)
3599 1972 3730 2011 reus
3788 1960 3891 2012 erit
3937 1974 4041 2011 san
4085 1958 4160 2013 ui·

2484 2064 2489 2071 -
2526 2029 2612 2081 nis
2643 2031 2709 2096 ¹⁸)
2750 2029 2989 2083 Domini.
3050 2034 3118 2095 ¹⁹)
3138 2027 3205 2082 Et
3226 2030 3282 2082 in
3303 2025 3597 2102 Decalogo
3616 2030 3877 2099 scriptum
3900 2041 4005 2085 est.
4106 2029 4161 2085 ui

2486 2114 2490 2143 ³
2525 2100 2634 2155 Dei
2670 2102 2889 2155 nomine
2926 2103 3183 2168 abutitur,
3220 2118 3338 2155 non
3374 2101 3479 2155 erit
3514 2101 3833 2172 impunituS,
3879 2100 3956 2156 Vt
3990 2101 4162 2173 igit-ur

2488 2197 2492 2206 ·
2524 2189 2695 2241 saepe
2732 2173 2872 2226 alias
2909 2175 3147 2227 mundus
3184 2173 3334 2227 dedit
3368 2188 3583 2244 poenas
3619 2191 3722 2244 pro
3769 2170 4047 2239 idolatria,
4083 2173 4164 2229 ita

2524 2244 2675 2298 haud
2730 2245 2896 2300 dubie
2961 2245 3104 2300 haec
3158 2245 3360 2317 ingens
3419 2261 3521 2316 pro
3562 2243 3787 2298 hanatio
3856 2243 4162 2300 Missamm

2524 2317 2887 2372 atrocissimis
2924 2318 3120 2388 poenis
3159 2318 3428 2386 punIetur.
3555 2327 3572 2369 t
3621 2314 3884 2371 fortassis
3971 2326 4162 2389 ropter

2483 2404 2646 2465 'eam
2702 2405 2929 2444 causam
2976 2389 3275 2460 praecipue
3329 2386 3585 2457 plectitur
3630 2385 3894 2443 Ecclesia
3930 2334 4025 2444 Eis
4062 2405 4164 2460 po-

2524 2461 2750 2515 stremis
2789 2462 3153 2531 temporibus,
3194 2462 3490 2526 coecitate,
3530 2460 3845 2526 discordi‘s,
3881 2457 4071 2527 bellis,
4102 2469 4164 2516 et

2525 2530 2651 2602 aliis
2688 2530 2876 2586 multis
2911 2532 3183 2602 pesfibuS.
3236 2532 3423 2604 Atque
3461 2530 3567 2586 hos
3597 2533 3744 2586 mani
3770 2542 3927 2586 estes
3950 2534 4164 2588 abusus

2522 2601 2791 2676 Episcopi
2842 2600 3146 2670 hactenus,
3202 2618 3327 2660 cum
3384 2605 3604 2676 quidem
3657 2620 3770 2657 non
3829 2605 4159 2676 ignorarent

2525 2692 2629 2731 eos
2646 2713 2665 2743 ,
2714 2693 2827 2731 non
2875 2675 3059 2732 solum
3113 2675 3512 2741 tolerauerunt,
3550 2676 3655 2730 sed
3703 2677 3949 2731 suauiter
3995 2677 4163 2731 etiam

2524 2749 2785 2803 riserunt·
2857 2747 3022 2802 Nunc
3057 2763 3188 2803 sero
3225 2748 3491 2819 incipiunt
3528 2748 3684 2819 queri
3722 2749 3793 2803 de
3841 2745 4164 2804 calamitati·

2526 2821 2633 2876 bus
2669 2817 2990 2887 Ecclesiae,
3023 2836 3149 2875 cum
3199 2817 3309 2874 alia
3354 2818 3509 2875 nulla
3555 2836 3649 2874 res
3699 2820 4019 2891 praebuerit
4064 2836 4161 2875 oc-

2527 2892 2809 2947 casionem
2854 2890 3179 2946 tumultibus
3234 2892 3435 2947 horum
3481 2901 3824 2963 temporum,
3870 2891 3979 2946 nisi
4022 2893 4161 2947 abu-

2485 2984 2494 3068 Ι
2525 2979 2625 3017 sus
2661 2964 2799 3035 ipsi,
2834 2964 2928 3035 qui
2965 2964 3043 3018 ita
3078 2972 3240 3018 erant
3272 2962 3382 3017 iam
3419 2961 3730 3028 manifesti,
3766 2973 3827 3017 vt
3862 2961 4096 3018 tolerari
4123 2980 4164 3019 a

2525 3036 2828 3091 moderatis
2876 3033 3190 3091 hominibus
3227 3035 3428 3091 diutius
3474 3051 3586 3090 non
3632 3046 3891 3107 possent,
3938 3035 4165 3092 Vtinam

2525 3246 2605 3303 12)
2633 3248 2779 3291 multis
2828 3251 2985 3293 seculis
3030 3251 3246 3305 publicam
3293 3274 3347 3284 —
3392 3251 3526 3294 abusu
3572 3265 3626 3294 ne
3668 3251 4048 3308 prophanatione,1
4100 3252 4166 3296 nie

2639 3307 2774 3348 Editt.
2805 3308 2846 3352 3.
2879 3311 2948 3360 4.;
2979 3308 3111 3351 Editt.
3144 3311 3184 3355 1.
3215 3311 3280 3353 2..
3319 3308 3435 3352 hanc
3477 3322 3648 3364 quoqne
3686 3310 3901 3364 publicam
3945 3317 3991 3352 et
4027 3311 4164 3365 longe

2637 3366 2868 3407 maximam
2914 3367 3132 3420 querelam
3182 3368 3374 3408 omnium
3414 3368 3629 3409 benorum
3668 3368 3859 3408 virorum
3899 3368 3975 3409 din
4015 3367 4166 3422 misse,

2482 3425 2490 3608 Ι
2638 3422 2754 3475 quod
2784 3421 2948 3465 Missae
2979 3424 3164 3478 turpiter
3194 3424 3585 3480 prophanarentur,
3617 3425 3804 3466 collatae
3834 3426 3891 3467 ad
3921 3432 4162 3480 quaestum.

2524 3492 2604 3547 13)
2633 3492 2757 3547 Non]
2785 3495 2849 3536 sic
2875 3495 3011 3538 Editt.
3044 3497 3085 3540 3.
3117 3498 3190 3547 4.;
3221 3497 3357 3538 Editt.
3395 3498 3435 3542 l.
3464 3498 3532 3541 2..
3563 3495 3717 3550 Neque

2524 3563 2602 3618 14)
2634 3571 2787 3607 contra
2815 3564 3043 3610 canonum
3071 3569 3362 3610 interdictum.
3393 3592 3446 3601 -
3480 3591 3534 3600 —·
3564 3567 3723 3612 collata
3752 3579 3868 3619 esse,
3898 3568 4016 3611 sicut
4051 3568 4162 3611 Mis-

2639 3621 2724 3679 sa.]
2755 3625 2816 3664 cic
2846 3624 2983 3667 Editt.
3015 3627 3056 3669 3.
3087 3628 3156 3677 4..
3188 3625 3325 3668 Editt.
3358 3628 3398 3671 1.
3428 3628 3494 3670 2.:
3526 3632 3694 3668 tantum
3724 3632 3901 3681 propter
3916 3626 4164 3669 mercedem

2483 3617 2492 3709 Ι
2639 3687 2715 3779 nult
2734 3682 3035 3781 ''stipe-adium,
3085 3696 3213 3737 quam
3250 3684 3372 3726 multi
3419 3692 3573 3727 contre
3622 3684 3899 3726 interdictum
3931 3685 4162 3728 Canonun

2640 3750 2690 3779 ce
2709 3750 2732 3778 e
2763 3750 2840 3780 ren

2524 3807 2605 3863 15)
2632 3807 2916 3867 horribiliter]
2950 3812 3014 3853 εἰσ
3042 3812 3178 3854 Editt.
3209 3814 3250 3857 3.
3280 3814 3344 3865 4.;
3374 3810 3510 3855 Editt.
3544 3815 3586 3860 1.
3611 3815 3678 3858 2..
3709 3814 3903 3867 grauiter

2525 3882 2605 3937 16)
2635 3882 2986 3938 sacramentum]
3019 3886 3084 3927 nic
3109 3884 3247 3929 Editt.
3279 3887 3320 3930 3.
3349 3887 3415 3937 4.;
3445 3884 3586 3930 Editt.
3620 3889 3659 3929 1.
3690 3887 3761 3929 2...
3793 3883 4137 3937 Ειισὶιιτίειίαως

2526 3954 2605 4008 17)
2635 3951 2724 4002 Qui
2764 3955 2945 4008 indigne
2984 3957 3125 3998 ederit
3164 3969 3265 4008 pan.
3304 3957 3444 4008 hunc,
3481 3962 3556 3998 aut
3594 3957 3682 3999 bib.
3724 3958 3806 4000 cal.
3843 3953 4061 4015 Domini‚]
4099 3957 4162 3999 sic

2640 4010 2775 4055 Editt.
2806 4013 2847 4056 3.
2878 4014 2946 4063 4.;
2977 4012 3111 4057 Editt.
3145 4016 3184 4058 1.
3217 4017 3281 4058 2..
3314 4013 3400 4064 Qui
3431 4015 3570 4057 ederit
3605 4027 3762 4069 panem
3791 4014 3933 4066 hunc,
3978 4022 4053 4058 aut
4095 4015 4161 4058 bi·

2483 4086 2494 4168 Ι
2639 4067 2755 4110 berit
2782 4069 2960 4112 calicem
2991 4069 3173 4113 Domini
3202 4072 3400 4126 indigne,

2485 4174 2494 4212 ι
2525 4139 2605 4194 18)
2634 4141 2875 4251 ῗὲιίξῐὶιξιιίε]
2908 4143 2970 4184 εἰσ
2998 4142 3131 4185 Editt.
3163 4145 3206 4188 3.
3235 4146 3305 4196 4..
3348 4145 3479 4187 Editt.
3522 4146 3561 4189 1.
3602 4145 3673 4188 2..
3720 4145 3921 4199 corporis
3966 4152 4012 4186 ct
4060 4156 4160 4187 sen·

2484 4216 2492 4328 ῑ
2525 4270 2605 4326 19)
2634 4267 2692 4311 Et
2721 4271 2766 4310 in
2795 4254 3260 4327 Decalogo'scriptum
3289 4279 3370 4315 est.
3402 4296 3458 4304 —
3494 4297 3546 4305 ——
3577 4272 3668 4315 Sed
3698 4286 3901 4315 numerus
3933 4274 4161 4315 missarum

2642 4328 2860 4370 dissimilis
2909 4336 2990 4370 est.
3019 4332 3143 4385 (quae
3178 4328 3305 4373 rerba
3343 4332 3458 4373 circa
3485 4330 3610 4386 finem
3651 4328 3773 4373 liniue
3813 4337 3897 4374 ezr-t.
3938 4329 4164 4388 lequuntur->J

2641 4387 2705 4428 cic
2732 4386 2865 4431 Editt.
2893 4387 2935 4431 3.
2964 4389 3031 4439 4..
3060 4387 3144 4430 Ed.
3180 4391 3242 4431 1..
3281 4387 3434 4443 Itaque
3462 4402 3559 4431 cum
3601 4389 3717 4443 apud
3756 4401 3838 4431 nos
3880 4390 4162 4431 admoneren-

2641 4449 2713 4484 tur
2749 4466 2805 4476 —
2836 4467 2889 4477 -
2931 4450 2975 4485 et
3019 4444 3271 4489 manifestos
3306 4447 3463 4489 abusus
3505 4452 3621 4489 certe
3659 4448 3880 4489 moderari
3920 4448 4161 4502 prodesset.

2641 4500 2754 4554 (vide
2789 4515 2920 4558 eupm
2949 4515 2997 4559 p.
3026 4503 3127 4549 298.
3161 4503 3233 4547 [ὄπ.
3264 4506 3337 4549 21.
3369 4527 3422 4536 -
3448 4518 3492 4560 p.
3522 4506 3624 4549 301.
3655 4505 3726 4548 lin.
3760 4505 3854 4558 20.)
3884 4501 3967 4546 Ed.
3997 4504 4040 4549 2.
4071 4516 4164 4547 cun

2638 4558 2724 4601 Ed.
2758 4561 2796 4605 1.
2828 4560 2986 4602 omnino
3014 4563 3205 4615 mayr-uie
3228 4568 3401 4619 praeter
3422 4560 3541 4606 Ιιοεσσ
3560 4561 3665 4604 duos
3690 4563 3821 4606 locos:
3855 4563 3900 4615 1)
3923 4576 4023 4619 pro:
4053 4574 4164 4616 opus

2576 4623 2585 4627 ·
2638 4618 2790 4659 delens
2814 4618 3126 4674 peccata(v1'de
3148 4633 3195 4676 p.
3225 4621 3327 4666 299.
3359 4620 3430 4663 ein.
3463 4622 3531 4664 14.
3567 4622 3659 4674 15.)
3687 4618 3812 4664 habet
3840 4621 3924 4666 nd.
3950 4622 4020 4665 2..
4050 4631 4161 4674 opus

2639 4676 2800 4718 tollens
2830 4682 3035 4731 peccata»,-
3072 4678 3255 4777 mnf-o:
3301 4678 3437 4720 Misa-
3472 4679 3591 4719 delet
3617 4683 3798 4732 peccata
3834 4677 3950 4734 (cide
3980 4690 4026 4733 p.
4058 4678 4160 4723 300.

2640 4733 2711 4775 tin.
2744 4735 2786 4777 5.
2819 4733 2885 4786 6.)
2911 4732 3078 4778 um
3177 4768 3189 4780 .
3221 4737 3288 4780 2..
3319 4734 3461 4779 mon
3486 4735 3606 4777 tollit
3633 4741 3816 4790 peccate
