4966 5577
845 470 958 531 399

850 633 924 687 de
959 625 1198 693 diluuio,
1234 625 1305 681 de
1334 624 1628 691 Sodomis,
1663 624 1735 679 de
1771 621 2023 689 Dauide,
2058 621 2296 748 deninffie
2330 618 2490 677 innu-

848 699 1148 760 merabiles
1183 695 1457 752 Ethnicae
1489 695 1790 763 historiae,
1838 704 2024 749 tamen
2073 693 2204 748 hem
2264 708 2328 747 es
2362 709 2489 764 pro-

886 773 1018 829 hani
1054 769 1251 825 leuiter
1287 776 1485 823 mrant
1520 768 1783 824 iudicium
1818 764 1958 832 Dei,
1994 765 2174 820 rident
2209 763 2488 830 libidines,

877 847 983 900 deo
1021 841 1263 899 tolerant
1295 837 1544 912 pollutos
1583 848 1639 894 et
1675 839 2080 894 contaminatos
2117 834 2490 891 sacrificulos.

847 917 942 974 Ad
977 916 1088 970 hoc
1122 913 1360 978 aceedit,
1397 912 1544 983 quod
1587 909 1797 966 celibes
1833 908 2055 964 facilius
2073 916 2315 980 possunt
2350 908 2491 962 tueri

854 1003 991 1059 opes
1028 983 1483 1049 Ecclesiasticus,
1513 991 1579 1071 ’et
1612 983 1764 1037 hunc
1798 979 2174 1054 splendorem,
2210 979 2304 1065 qui
2341 996 2490 1034 nunc

851 1069 962 1187 :531
974 1053 1352 1185 Ρέἓέἑῖιῖῗιὲ
1357 1053 2492 1198 ἓὲἒῗΐῗιὶἓίἱὶᾟὲῑἒὲῗώᾱῗὲἳοέῗιὶἰῗ

849 1212 968 1260 tum
986 1199 1309 1256 defendunt.
1346 1197 1459 1253 Sed
1476 1195 1842 1270 Euangelium
1867 1198 2023 1253 iubet
2067 1210 2176 1250 nos
2211 1191 2493 1250 anteferre
2523 1179 2530 1273 Ι

850 1274 1177 1332 mandatum
1242 1270 1348 1325 Dei
1402 1270 1710 1341 prophanis
1758 1269 1979 1340 iudicijs
2033 1276 2090 1322 et
2143 1264 2490 1331 vtilitatibuS,
2524 1285 2531 1338 1
2570 1272 2631 1319 vt
2664 1279 2855 1320 veram
2884 1266 3190 1321 doctrinam
3227 1267 3298 1322 de

855 1345 1100 1402 ostendit
1156 1342 1268 1398 late
1322 1344 1521 1415 vagari
1574 1357 1787 1414 poenas
1841 1339 2127 1395 libidinum
2181 1354 2283 1409 per
2338 1345 2492 1392 totas

857 1426 1073 1492 gentes,
1109 1425 1165 1470 et
1210 1411 1458 1485 pollutos
1495 1414 1767 1470 coecitate
1813 1422 1869 1469 et
1907 1411 2152 1466 aeternis
2198 1407 2492 1480 supplicijs

865 1489 1074 1562 puniri,
1112 1488 1270 1541 lubet
1318 1486 1396 1541 vti
1440 1486 1699 1557 coniugio
1751 1495 1804 1540 et
1863 1482 2192 1538 ordinationi
2239 1483 2348 1536 Dei
2396 1483 2495 1535 ob-

859 1559 1186 1631 temperari,
1224 1560 1318 1630 qui
1351 1559 1429 1612 ita
1476 1557 1723 1614 condidit
1774 1565 2029 1611 naturam
2081 1552 2390 1620 hominum,
2435 1560 2496 1608 vt

927 1641 1123 1705 rpetua
1160 1632 1406 1685 societas
1454 1630 1528 1684 sit
1572 1630 1809 1684 duorum
1857 1628 2179 1700 coniugum,
2225 1626 2396 1679 maris
2440 1632 2495 1678 et

853 1650 1153 1759 geminae.
1245 1699 1441 1756 Monet
1493 1699 1677 1756 cultus
1730 1698 1841 1755 Dei
1894 1714 2055 1763 esse,
2112 1699 2496 1767 obtemperare

857 1774 1190 1831 ordinationi
1225 1784 1281 1829 et
1315 1774 1443 1830 voci
1477 1772 1606 1839 Dei,
1643 1780 1697 1828 et
1731 1769 2027 1844 fugiendas
2063 1784 2193 1823 esse
2228 1768 2495 1841 supersti-

861 1849 1054 1903 ciones
1110 1854 1424 1918 pugnantes
1482 1861 1608 1900 eum
1662 1844 2010 1899 ordinatione
2065 1840 2267 1896 diuina.
2358 1840 2490 1895 ldeo

858 1918 1187 1975 sustulimus
1223 1914 1650 1989 prohibitionem
1687 1916 1853 1971 coniu
1896 1914 1954 1980 ⁰⁶,
1992 1923 2049 1968 et
2077 1913 2344 1967 sentimus
2363 1914 2493 1967 abo·

857 1989 1083 2046 leudam
1121 2005 1251 2044 esse
1287 1990 1341 2043 in
1379 1997 1496 2043 teta
1530 1985 1805 2042 Ecclesia.
1856 1932 1952 2041 Ἧι
1998 1986 2129 2057 quia
2176 2000 2290 2037 non
2338 1987 2493 2041 dubi-

857 2070 1040 2119 tamus
1077 2077 1314 2132 peccare
1345 2077 1540 2115 omnes
1587 2061 1679 2131 qui
1723 2056 2024 2115 defendunt
2067 2054 2493 2127 prohibitionem

854 2132 1029 2200 illam,
1066 2149 1173 2188 nos
1202 2133 1592 2187 sacerdotibus
1628 2130 1880 2203 legitima
1917 2139 1973 2186 et
2008 2130 2101 2201 pia
2145 2131 2494 2185 matrimonia

857 2206 1231 2261 concedimus·
1306 2204 1428 2258 Nec
1467 2220 1609 2275 opus
1657 2204 1835 2258 estin
1871 2203 1979 2256 hac
2027 2215 2200 2255 eausa
2247 2202 2490 2274 disputa-

855 2278 1008 2333 tione
1052 2275 1339 2347 longiore,
1386 2294 1529 2346 opus
1570 2285 1659 2330 est
1703 2275 1889 2331 iudice
1925 2273 2015 2345 qui
2046 2288 2159 2326 non
2197 2273 2338 2329 ridet
2373 2273 2490 2329 libi·

861 2350 1040 2413 dines,
1076 2350 1179 2402 sed
1215 2348 1354 2401 iram
1388 2346 1498 2401 Dei
1535 2348 1755 2413 metuit,
1796 2355 1854 2401 et
1871 2361 2008 2401 vera
2042 2345 2264 2416 pietatis
2301 2343 2490 2402 officia

861 2418 1176 2492 intelligere
1211 2420 1421 2486 studet,
1460 2417 1681 2473 Deinde
1718 2420 1814 2491 qui
1849 2418 1966 2473 odit
2001 2416 2261 2471 iniustam
2297 2420 2488 2474 crude·

857 2489 1102 2558 litatem,
1155 2507 1300 2563 quae
1348 2490 1462 2546 hoc
1526 2500 1780 2561 tempore
1832 2490 2108 2545 aduersus
2162 2491 2489 2546 sacerdotes

852 2564 1083 2619 maritos
1132 2571 1189 2619 et
1237 2579 1428 2617 eorum
1478 2561 1749 2636 coniuges
1804 2578 1874 2616 ao
1920 2560 2131 2616 liberos
2180 2571 2489 2618 exercetur.

851 2634 1142 2709 Rogamus
1179 2635 1349 2711 igitur
1377 2635 1793 2706 imperatorem,
1830 2650 1904 2688 ne
1929 2632 2269 2704 pontificiam
2304 2633 2489 2708 legem

966 2881 1202 2925 amentiam
1231 2892 1308 2922 seu
1336 2880 1544 2930 furorem,
1574 2882 1623 2918 ut
1650 2878 1802 2921 Roma.
1835 2881 1877 2922 1.
1922 2883 1964 2920 et
1993 2878 2051 2920 ad
2089 2879 2225 2932 Ephe.
2254 2879 2298 2922 4.
2338 2876 2493 2931 Capite

966 2940 1186 2990 scribitur,
1215 2940 1284 2979 Ac
1312 2937 1498 2978 fortasse
1528 2937 1615 2977 iam
1652 2937 1967 2989 gubernatores
2007 2936 2342 2977 Ecclesiasticus
2379 2935 2490 2977 haec

965 3008 1108 3052 poena
1138 2996 1365 3049 oppressit,
1396 2994 1471 3047 qui
1498 3006 1661 3047 magna
1698 3006 1754 3035 ex
1790 2998 1914 3047 parte
1953 2993 2098 3047 palam
2136 3001 2238 3034 sunt
2282 2993 2488 3047 Epicurei

965 3055 1110 3109 palam
1141 3052 1380 3093 defendunt
1407 3051 1534 3092 Idola
1566 3056 1743 3105 propter
1782 3062 1887 3103 opes
1928 3056 1971 3092 et
2007 3052 2309 3102 autoritatem,
2345 3051 2491 3092 rident

969 3113 1090 3152 dicta
1119 3109 1340 3160 coelestia,
1367 3119 1478 3161 quae
1507 3110 1729 3150 minantur
1767 3119 1931 3162 poenas
1968 3107 2195 3149 Idolorum
2234 3108 2488 3160 cultoribus,

897 3209 902 3214 ,
967 3167 1212 3222 impudicis,
1243 3166 1488 3221 parricidis.
1550 3166 1710 3209 Omnia
1736 3164 1915 3207 honeste
1945 3164 2043 3207 fieri
2079 3179 2108 3208 n
2148 3178 2195 3207 se
2234 3166 2490 3220 praedicant

968 3227 1097 3278 regui
1126 3236 1274 3272 causa,
1304 3223 1386 3264 hos
1417 3235 1513 3265 esse
1554 3225 1695 3266 bonos
1737 3224 1880 3276 ciues,
1919 3229 2111 3265 amantes
2152 3224 2489 3277 tranquillitatis,

969 3285 1043 3339 qui
1073 3288 1122 3322 ut
1152 3285 1275 3335 regni
1302 3281 1524 3336 Pontificij
1547 3283 1815 3324 maiestatem
1843 3286 2071 3334 tueantur,
2102 3281 2388 3336 comprobant
2422 3294 2488 3322 er-

967 3352 1089 3383 rores
1122 3346 1165 3381 et
1207 3340 1438 3382 manifesta
1477 3338 1672 3392 flagicia.
1730 3340 1849 3382 Tota
1883 3352 2028 3381 rerum
2063 3346 2220 3381 natura
2263 3340 2384 3380 testis
2424 3344 2490 3379 est

967 3411 1064 3441 esse
1104 3397 1273 3448 Deum,
1316 3402 1361 3438 et
1399 3397 1551 3451 punire
1590 3398 1879 3452 turpitudiues
1928 3403 1974 3437 et
2018 3397 2283 3451 tyrannides.
2342 3396 2490 3447 Quare

950 3456 1140 3499 etiamsi
1169 3466 1287 3497 nunc
1314 3455 1464 3496 rident
1491 3454 1569 3497 bas
1599 3456 1848 3507 conciones,
1878 3460 2021 3497 tamen
2051 3456 2189 3497 sciant.
2218 3466 2264 3496 se
2293 3455 2490 3509 aliquan-

967 3515 1025 3556 do
1056 3512 1237 3555 hesuros
1267 3514 1313 3555 in
1341 3513 1513 3567 poenis,
1543 3513 1600 3555 ad
1629 3526 1736 3568 quas
1764 3514 1819 3556 ab
1856 3514 1953 3567 ipsa
1982 3514 2113 3554 etiam
2150 3523 2296 3554 rerum
2334 3518 2491 3555 natura

967 3572 1277 3625 deposcuntur.

1027 3629 1137 3671 Cum
1185 3629 1318 3682 igitur
1362 3633 1532 3670 constet
1574 3627 1742 3682 Legem
1787 3627 1841 3669 de
1891 3625 2110 3670 coelibatu
2154 3640 2349 3682 pugnare
2394 3639 2491 3669 cum

967 3684 1176 3728 mandato
1205 3686 1310 3737 Dei,
1340 3687 1548 3728 sentimus
1578 3692 1698 3728 recte
1723 3687 1871 3728 faeere
1901 3686 2151 3727 sacerdotes
2180 3693 2225 3726 et
2255 3685 2388 3736 alios,
2418 3687 2491 3738 qui

967 3745 1154 3787 honesta
1182 3745 1388 3796 coniugia
1415 3743 1692 3796 contrahunt,
1721 3745 1834 3785 sicut
1861 3742 2023 3785 Paulus
2051 3743 2209 3797 inquit,
2242 3743 2491 3796 eligendum

967 3813 1063 3845 esse
1103 3803 1229 3843 unius
1269 3802 1422 3843 uxoris
1460 3802 1616 3843 uirum.
1672 3800 1892 3843 Sentimus
1929 3807 1975 3843 et
2012 3802 2325 3854 gubernatores
2363 3812 2490 3855 posse

966 3873 1018 3903 ac
1050 3860 1210 3901 debere
1238 3859 1382 3913 legem
1410 3857 1687 3901 Pontificiam
1716 3858 1907 3901 abolere.
1963 3857 2126 3899 Errant
2154 3858 2269 3899 enim
2298 3859 2374 3912 qui
2412 3872 2490 3913 pu-

966 3923 1063 3960 tant
1092 3924 1168 3959 aut
1194 3917 1290 3958 iure
1320 3917 1472 3959 diuino
1503 3917 1728 3971 prohiberi
1757 3917 2009 3968 coniugium
2047 3915 2374 3967 sacerdotibus,
2413 3921 2492 3958 aut

963 3987 1094 4030 posse
1123 3977 1267 4029 legem
1297 3974 1429 4016 talem
1458 3987 1486 4015 a
1514 3973 1707 4028 Regibus
1734 3980 1811 4015 aut
1839 3973 2068 4028 Episcopis
2095 3973 2227 4025 terri,
2254 3972 2490 4028 probiben-

966 4039 1055 4075 tem
1086 4034 1357 4088 coniugium,
1385 4033 1453 4074 Ac
1483 4033 1520 4073 si
1540 4032 1684 4073 nolint
1710 4030 1938 4073 Ecclesiae
1965 4032 2134 4073 mederi
2161 4031 2489 4084 gubernatores,

964 4097 1112 4133 tamen
1143 4098 1263 4132 reete
1293 4089 1461 4132 faciunt
1489 4090 1549 4145 pij
1578 4090 1654 4143 qui
1685 4095 1921 4144 sequuntur
1948 4089 2144 4143 regulam
2171 4088 2489 4143 Apostolicam,

967 4160 1078 4202 quae
1108 4149 1187 4200 ait,
1216 4147 1315 4190 Deo
1347 4148 1484 4202 magis
1514 4147 1753 4202 parendum
1783 4158 1879 4189 esse
1908 4158 2036 4201 quam
2064 4147 2324 4189 hominibus.

1027 4205 1229 4259 Denique
1274 4218 1371 4248 cum
1419 4207 1531 4259 legis
1586 4204 1846 4248 Pontificiae
1888 4203 2085 4247 defensio
2128 4206 2267 4247 multa
2309 4209 2490 4258 peecata

969 4262 1203 4304 coniuncta
1231 4263 1406 4316 habeat,
1435 4262 1809 4307 confirmationem
1838 4272 2050 4316 uagatum
2063 4261 2313 4315 libidinum,
2341 4273 2488 4317 super·

967 4321 1175 4363 sticiones
1207 4326 1252 4362 et
1279 4332 1410 4363 neces
1449 4322 1621 4377 piorum
1658 4322 1956 4373 sacerdotum,
1993 4319 2271 4363 manifestum
2308 4325 2377 4361 est
2409 4332 2486 4361 no·

966 4383 1075 4420 atras
1105 4378 1326 4421 Ecclesiae
1356 4384 1473 4419 recte
1509 4380 1680 4432 facere,
1718 4379 1837 4434 quod
1875 4378 2019 4433 legem
2057 4378 2179 4422 illam
2215 4376 2490 4422 Pontificum

966 4435 1144 4479 abolent
1171 4448 1225 4479 ac
1247 4436 1469 4479 damnant.
1518 4435 1742 4489 Rogamus
1769 4437 1900 4479 etiam
1927 4436 2139 4492 Inclytum
2163 4435 2490 4492 Imperatorem,

966 4506 1025 4538 ne
1067 4506 1115 4536 se
1161 4493 1413 4537 defensione
1457 4495 1617 4549 impuri
1656 4495 1918 4547 coelibatus,
1963 4500 2007 4537 et
2048 4494 2158 4537 cede
2202 4493 2489 4538 sacerdotum

965 4551 1146 4608 polluat.
1205 4551 1426 4605 Scriptum
1454 4558 1522 4594 est
1550 4553 1680 4604 enim,
1708 4552 1876 4596 Beatus
1907 4554 1983 4607 qui
2009 4553 2239 4596 utiseretur
2278 4553 2406 4608 egeni
2444 4558 2490 4594 et

965 4613 1184 4664 pauperia,
1212 4609 1264 4653 In
1295 4609 1367 4653 die
1393 4610 1510 4653 mala
1536 4608 1739 4654 liberabit
1765 4622 1864 4654 eum
1892 4609 2124 4654 Dominus.

1589 465 1784 524 run..
1818 463 1998 523 man.
2033 460 2350 521 somma
2383 459 2836 521 nonnanes
2869 461 2966 519 ET
2998 417 3458 520 aruncum.

2523 1137 2530 1174 i
2568 1136 2861 1176 semorum
2898 1139 3146 1178 meorum

2570 618 2644 674 de
2679 615 2953 686 celibatu,
2988 637 3026 691 p
3143 629 3329 678 antem
3362 640 3489 680 cum
3525 623 3803 681 mandatis
3834 623 4053 697 Dci„et
4078 640 4211 682 oum

2567 691 2853 747 veteribus
2890 690 3048 764 Syno
3089 695 3137 748 is
3175 691 3454 762 defendat,
3491 712 3597 753 uec
3633 698 3708 752 sit
3740 705 3906 753 autor
3940 706 4036 752 aut
4052 697 4209 754 adiu-

2567 770 2659 817 tor
2691 763 2931 817 iniustae
2969 763 3345 832 crudelitatiS,
3391 783 3501 824 nec
3537 769 3826 824 trucidatis
3867 769 3977 842 pijs
4022 784 4209 825 sacer·

2567 834 2791 890 dotibus
2828 832 3042 905 polluat
3089 853 3155 891 se
3207 839 3541 912 parricidijS.
3613 840 3757 895 Nam
3805 857 3931 896 cum
3985 849 4211 898 ceteras

2568 906 2802 960 iniustas
2839 908 3011 961 cedes
3040 907 3199 964 Deus
3245 911 3511 966 atrociter
3566 913 3756 984 punit,
3810 922 3927 969 tum
3970 913 4210 969 maxime

2568 978 2827 1033 irascitur
2861 978 2970 1045 hia,
3008 980 3102 1067 qui
3138 982 3394 1037 seuitiam
3430 982 3488 1038 in
3526 983 3861 1039 sacerdotes
3890 984 4018 1055 pios
4046 1002 4210 1040 exer·

2569 1058 2726 1116 cent,
2773 1058 2835 1104 vt
2886 1051 3064 1123 inquit
3105 1051 3160 1107 4.
3199 1050 3416 1125 Regum
3467 1053 3521 1109 9.
3558 1053 3821 1111 Vlciscar
3874 1058 4208 1130 sanguinem

3182 1123 3586 1196 Prophetarum
3623 1138 3734 1182 etc.
3809 1126 3956 1190 Quid
3991 1137 4083 1184 est
4126 1129 4207 1185 in·

2569 1191 2811 1265 dignius,
2841 1210 3006 1265 quam
3044 1195 3279 1267 imperia
3355 1214 3460 1252 uae
3481 1199 3741 1254 diuinitus
3780 1201 4032 1255 instituta
4049 1210 4206 1269 sunt,

3390 1285 3479 1335 eo,
3515 1288 3686 1326 veros
3720 1270 3832 1326 Dei
3868 1271 4074 1339 cultus,
4104 1271 4208 1328 ho·
4276 1315 4282 1319 -

2569 1343 2734 1390 nesta
2771 1338 3055 1410 coniugia,
3099 1340 3284 1394 bones
3331 1357 3521 1397 mores
3570 1352 3856 1410 tueantur,
3907 1341 4207 1402 transferri

2569 1408 2643 1461 ad
2680 1404 2974 1463 delendam
3007 1426 3200 1465 veram
3235 1412 3565 1480 doctrinam,
3602 1416 3675 1470 ad
3712 1415 4036 1486 dissipanda
4070 1433 4206 1473 con-

2569 1479 2739 1605 ἓξὲξ
2774 1481 3713 1613 ῗέξὲὲ’ἒὶῃ“ζ“”“ἒῖῖ.ῖὲἒῖἑῗέ“ᾱέῗ
3749 1485 4206 1616 ‘'dmm-iffi

2572 1621 2753 1685 Quam
2806 1623 3126 1680 miserabile
3184 1626 3568 1699 spectaculum
3624 1639 3741 1700 est,
3806 1648 3935 1686 cum
3986 1630 4072 1688 Re
4150 1648 4203 1700 s,

2570 1695 2666 1766 qui
2719 1694 3002 1751 debebant
3053 1714 3186 1753 esse
3236 1699 3420 1771 imago
3465 1699 3576 1756 Dei
3611 1702 3670 1756 in
3703 1703 3887 1770 terris,
3925 1720 4041 1760 non
4132 1720 4204 1761 eo

2569 1768 2843 1834 seruiunt,
2880 1769 2985 1823 sed
3020 1766 3197 1825 furori
3233 1770 3439 1826 diaboli
3486 1774 3867 1830 confirmantis
3913 1775 4205 1832 horribilia

2569 1848 2833 1910 peccata,
2872 1838 3295 1910 idolomaniam,
3332 1842 3619 1911 libidines,
3667 1856 3724 1901 et
3768 1848 4026 1903 iniustam
4075 1865 4204 1906 eru·

2572 1909 2897 1969 delitatem?
2951 1910 3130 1988 Porro
3167 1930 3295 1969 cum
3332 1916 3403 1970 de
3437 1915 3732 1974 Ecclesiae
3769 1927 3825 1974 et
3852 1919 4067 1991 piorum
4107 1921 4203 1976 de-

2567 1980 2824 2037 fensione
2859 1986 3130 2055 scriptum
3165 1987 3258 2052 sit,
3294 1987 3507 2044 Beatus
3554 1992 3646 2061 qui
3691 1992 3985 2046 miseretur
4029 2009 4206 2065 super

2564 2069 2840 2182 iistis.
2860 2065 3300 2184 ⁸3¹'22‘1'1i'53'3t'
3333 2060 3550 2187 affl:
3573 2062 3764 2191 13⁸¹ss
3783 2060 4205 2191 ’ζ’ἷθΐιῗᾞω

2566 2164 2897 2255 adliciantt’ir
2925 2146 3034 2255 hiae
3068 2215 3215 2257 voce
3254 2200 3504 2265 coelesti,
3543 2215 3598 2259 et
3635 2154 3828 2281 tggant
3861 2153 4204 2280 pingam

2566 2270 2750 2338 dotes,
2787 2280 2843 2328 et
2879 2287 3073 2328 eorum
3114 2274 3384 2346 coniuges
3421 2293 3490 2333 ac
3525 2273 3766 2346 liberes,
3795 2295 3939 2351 quos
3981 2281 4205 2353 quidem

2563 2340 2695 2399 Dee
2733 2360 2902 2400 curae
2937 2361 3068 2401 esse
3104 2360 3219 2399 non
3255 2348 3591 2404 dubitamus.
3614 2354 3691 2416 ⁵⁶)

2908 2557 3024 2615 DE
3079 2558 3351 2616 voTls
3407 2560 3870 2621 MONACHO·

3238 2645 3445 2703 RvM.
3470 2652 3546 2715 ⁶²)

2714 2759 2861 2822 Quid
2897 2759 2970 2813 de
3004 2761 3151 2814 votis
3200 2761 3609 2822 Monachorum
3656 2770 3806 2839 apud
3849 2785 3958 2824 nos
4005 2770 4206 2824 docea-

2568 2840 2680 2901 tur,
2713 2830 2912 2887 melius
2940 2831 3213 2906 intelliget
3251 2837 3301 2890 si
3337 2839 3464 2909 quis
3520 2841 3825 2896 meminerit
3870 2840 4052 2914 qualis
4095 2850 4207 2896 sta-

2540 2915 2660 2959 ·tus
2696 2903 2863 2961 fuerit
2897 2903 3382 2975 monasteriorum,
3419 2927 3585 2982 quam
3632 2910 3807 2967 multa
3853 2922 4046 2968 contra
4095 2911 4209 2968 Ca-

2569 2993 2750 3032 nones
2786 2978 2842 3032 in
2870 2976 3011 3047 ipsis
3045 2976 3409 3053 lilonasterijs
3446 2984 3694 3056 quotidie
3730 2984 3955 3042 fiebant.
4010 2985 4208 3057 Augu-

2569 3050 2700 3104 stini
2755 3058 3006 3120 tempore
3061 3060 3220 3105 erant
3274 3051 3455 3108 libera
3510 3053 3785 3129 collegia,
3839 3066 4036 3129 postea
4083 3073 4207 3113 cor-

2568 3130 2731 3192 rupta
2768 3120 3092 3192 disciplina,
3128 3122 3336 3196 vbique
3379 3126 3568 3182 addita
3605 3137 3736 3183 sunt
3772 3138 3935 3196 veta,
3980 3138 4045 3185 vt
4086 3137 4209 3184 tan·

2568 3210 2731 3264 quam
2778 3195 3095 3265 excogitato
3155 3212 3410 3264 carcere,
3465 3198 3756 3271 disciplina
3801 3201 4201 3257 restitueretur.

2566 3266 2810 3320 Additae
2844 3276 2976 3320 sunt
3050 3263 3273 3322 aulatim
3310 3286 3485 3342 supra
3520 3281 3654 3328 veta
3688 3272 3835 3328 aliae
3870 3271 4076 3329 multae
4103 3274 4206 3329 ob-

2568 3337 2934 3392 seruationes.
3033 3336 3080 3392 't
3123 3337 3267 3395 haec
3316 3340 3536 3398 vincula
3589 3342 3775 3399 multis
3828 3355 3960 3400 ante
4001 3346 4206 3401 iustam

2569 3417 2805 3465 aetatem
2842 3419 3039 3464 centra
3078 3407 3339 3467 Canones
3386 3416 3589 3471 iniecta
3639 3426 3786 3472 sunt.
3860 3414 4021 3473 Multi
4065 3416 4207 3472 inci-

2569 3481 2771 3537 derunt
2805 3499 2999 3537 errore
3026 3482 3083 3537 in
3119 3479 3232 3539 hoe
3269 3486 3416 3541 vitae
3454 3504 3662 3559 genuS,
3691 3490 3892 3561 quibus
3940 3488 4104 3544 etiam
4150 3489 4206 3545 si

2567 3570 2683 3608 non
2719 3555 2982 3609 deessent
3004 3557 3080 3622 ⁶⁸)
3115 3557 3265 3623 anni,
3301 3567 3489 3614 tamen
3524 3561 3781 3616 iudicium
3811 3561 3881 3616 de
3925 3562 4046 3617 suis
4073 3561 4204 3617 viri-

2569 3627 2677 3681 bus
2714 3624 2905 3682 defuit.
2980 3627 3205 3688 Qui.sic
3240 3630 3436 3685 irretiti
3471 3642 3661 3700 erant,
3699 3635 4044 3704 cogebantur
4088 3650 4206 3688 ma-

2569 3714 2724 3769 nere,
2760 3700 2925 3754 etiam
2962 3700 3014 3753 si
3057 3702 3277 3770 quidam
3320 3702 3595 3758 beneficio
3642 3703 3931 3762 Cauonum
3977 3704 4206 3762 liberari

2569 3780 2847 3859 gessena·
2890 3769 2964 3826 Et
2995 3769 3110 3826 hoc
3142 3774 3347 3828 accidit
3380 3777 3560 3849 magis
3605 3778 3770 3833 etiam
3816 3778 3873 3833 in
3918 3776 4204 3833 Monaste-

2566 3846 3641 3988 ἓέἰῑιῖἕὲἔεωζῖςῑὲῗὲοέξῖιᾞὶὲἒὲἳ
3655 3888 3671 3911 ’
3685 3865 4205 3994 ιῖῑὲἳίςῖῗῗῑεῖῗῑῖ

2569 3986 2684 4041 cuit
2719 3985 2905 4042 multis
2936 3989 3096 4043 bonis
3134 3990 3268 4044 viris
3305 4001 3437 4047 ante
3469 3990 3612 4048 haec
3631 4003 3899 4065 tempora,
3919 3993 4014 4066 qui
4048 3995 4205 4048 vide-

2568 4059 2703 4113 bant
2739 4057 2959 4146 puellas
2996 4070 3053 4116 et
3082 4059 3474 4119 adolescentes
3509 4066 3567 4118 in
3602 4063 3946 4154 monasteria
3982 4065 4203 4122 detrudi

2566 4140 2800 4258 &¹333
2831 4134 4036 4281 hv33²tta.ntt³t?”3:.23⁸.z¹ndffl⁰ssl¹sssstz
4054 4154 4204 4284 5553

2566 4476 2649 4534 62)
2677 4476 2749 4521 De
2777 4479 2895 4522 votis
2923 4478 3268 4539 monachorvm.]
3298 4478 3367 4525 laic
3394 4487 3480 4524 art.
3510 4483 3557 4525 ὅσα
3585 4483 3726 4527 Editt.
3755 4485 3798 4530 3.
3828 4484 3874 4529 4.
3912 4497 4041 4543 aeque
4078 4497 4134 4530 ae
4159 4487 4208 4529 ia

2682 4534 2824 4579 Editt.
2854 4539 2896 4583 1.
2926 4538 2972 4583 2.
2998 4538 3244 4595 penultimus
3272 4546 3346 4585 eu.

2521 4606 2650 4664 263)
2679 4608 2899 4665 deessent]
2927 4609 2994 4654 sic
3017 4608 3158 4654 mitt.
3190 4612 3233 4658 1.
3262 4611 3306 4658 2.
3336 4613 3410 4664 34
3439 4611 3525 4656 Ed.
3555 4613 3623 4658 4.=
3653 4611 3835 4655 deerant
