4966 5577
807 637 920 695 51⁷
1780 637 1850 695 n.
1918 638 1989 694 s.
2063 638 2479 697 comssslo
2517 638 2983 697 AUGUSTANA
3017 641 3210 698 11³sA.
4031 608 4186 706 ⁸518

1161 801 1210 849 1.
1238 794 1554 864 Philippa·
1586 796 1939 849 Fridert'ci
1975 798 2185 859 Hane,
2218 798 2229 869 Ι
2259 799 2358 850 SS.
2397 797 2570 852 ΤΙιεοΙ.
2604 798 2677 849 D.
2719 799 3041 869 cjeudcmqve
3079 806 3134 852 et
3173 799 3315 851 Hist.
3357 803 3415 852 δη
3453 802 3464 873 Ι
3505 803 3796 855 Academia
3839 768 4070 858 Krisa-nst
4112 808 4180 861 P.

1226 867 1293 924 Ρ.
1328 871 1338 938 Ι
1369 867 1614 919 Historia
1655 870 1848 921 critica
1878 871 1888 940 Ι
1918 871 2251 939 Avyvstanae
2299 871 2679 937 confessionis.
2712 871 2723 942 Ι
2754 870 2839 921 De
2869 873 2879 942 Ι
2910 869 3254 924 Editiom'bns
3293 871 3619 925 Germanicis
3652 878 3661 945 Ι
3691 878 4000 944 iurem-fatie,
4038 883 4178 930 vare·-

1227 943 1336 992 ate's
1362 945 1415 992 et
1446 943 1455 1001 Ι
1486 939 1709 1009 deniquo
1744 943 2013 1009 corruptis
2043 951 2052 1009 Ι
2083 942 2335 995 distincte
2363 944 2727 1011 praecipiens,
2758 943 2769 1012 Ι
2802 959 2867 994 ac
2910 960 3015 994 una
3058 962 3170 996 cum
3212 949 3220 1010 Ι
3260 944 3574 1011 Αῃροηᾱίοο
3617 952 3956 1015 pruqmare‘ca
3985 958 3995 1024 Ι
4027 969 4181 1017 uryn-

1224 1007 1504 1064 men'torum
1540 1013 1741 1081 diqvol
1768 1013 1961 1066 theolo-
1993 1018 2004 1084 Ι
2032 1016 2283 1082 ficerunt,
2321 1014 2502 1084 quibus
2529 1017 2722 1065 critica
2749 1016 2814 1065 Δ.
2849 1014 2907 1067 C.
2943 1016 2951 1085 Ι
2983 1015 3208 1067 historia
3237 1016 3400 1067 lucem
3429 1019 3687 1086 qvondam
3718 1023 3726 1089 Ι
3757 1022 3971 1087 sufficit,
4004 1028 4014 1088 Ι
4044 1040 4181 1075 mmo

1225 1083 1478 1137 exhibita.
1514 1086 1524 1152 Ι
1557 1084 1869 1154 Hamburyi,
1903 1091 1912 1155 Ι
1946 1087 2093 1152 apud
2143 1085 2198 1138 T.
2244 1086 2304 1139 G.
2351 1087 2618 1154 Felyinen'
2654 1086 2878 1139 vizlnam.
2913 1088 2922 1157 Ι
2954 1088 3024 1139 Μ
3043 1087 3198 1141 DCC
3227 1088 3455 1144 XXXII.
3505 1093 3567 1142 18
3619 1089 3788 1159 plagg.
3835 1093 3932 1145 litt.
3974 1096 4024 1146 A
4044 1125 4112 1134 —
4132 1095 4180 1146 1.

1224 1157 1296 1225 (1.
1343 1154 1403 1230 Ἰ,
1441 1156 1628 1225 plag),
1668 1158 1997 1225 (A)-(D)‚
2034 1156 2241 1209 A-c
2279 1155 2349 1222 (C
2386 1159 2483 1229 1½
2523 1158 2686 1226 plag.)
2722 1160 2881 1226 sign„
2921 1163 2990 1211 84
3028 1165 3081 1210 et
3119 1164 3185 1213 58
3217 1177 3365 1228 pagg.
3404 1169 3628 1230 (praeter
3662 1162 3883 1227 titulum)
3922 1169 4000 1217 4⁰.
4038 1172 4177 1234 (pag.

1230 1234 1255 1281 1
1278 1260 1352 1269 --
1375 1232 1455 1280 10.
1492 1227 1834 1281 Prooemium.
1908 1229 1991 1280 De
2028 1230 2184 1282 huius
2224 1232 2441 1282 instituti
2478 1232 2672 1282 ratione
2712 1236 2764 1283 et
2799 1237 3040 1299 apparatu
3075 1231 3288 1283 aliorum
3326 1236 3529 1295 critico,
3566 1240 3671 1287 tum
3709 1235 4030 1304 apologetico
4070 1245 4178 1296 tum

1222 1299 1458 1353 literario.
1499 1304 1532 1352 4
1563 1304 1669 1366 §§.;
1707 1318 1758 1369 p.
1801 1307 1956 1354 11-
1978 1305 2062 1354 84.
2101 1302 2278 1354 Sectio
2316 1301 2354 1353 l.
2393 1302 2478 1353 De
2512 1301 2839 1355 Editionibus
2875 1302 3008 1370 Aug.
3059 1300 3209 1355 Conf-
3252 1304 3848 1374 idiomate.gernmnico,
3890 1309 4177 1376 eodemque

1223 1373 1534 1425 authentico.
1568 1369 1694 1440 Cap.
1732 1373 1769 1424 Ι.
1806 1372 1888 1424 De
1923 1373 2252 1427 Editionihus
2298 1376 2623 1440 incorruptis,
2671 1379 2727 1428 et
2768 1375 2969 1426 omnino
3017 1376 3169 1428 etiem
3217 1378 3490 1430 invariatis.
3538 1383 3568 1430 9
3618 1382 3686 1443 ss.
3736 1384 3810 1448 [p.
3867 1384 3924 1434 11
3956 1412 4019 1422 —
4043 1385 4178 1449 40.];

1226 1443 1357 1512 Cep.
1392 1441 1455 1495 ll.
1500 1442 1583 1495 De
1628 1444 1957 1511 Editionibus
2004 1447 2309 1513 germanicis
2348 1447 2554 1498 variatis
2600 1447 2835 1515 quidem,
2891 1464 2990 1499 non
3047 1452 3215 1500 tamen
3256 1452 3523 1516 corruptis.
3566 1454 3596 1504 9
3636 1455 3715 1515 ὃς.
3752 1457 3821 1520 [p.
3852 1456 3915 1503 41
3941 1484 4011 1494 —
4035 1458 4176 1520 70.];
4241 1475 4246 1480 ⁴

1225 1514 1354 1585 Cap.
1391 1514 1473 1568 ΙΙΙ.
1513 1516 1596 1568 De
1633 1515 1959 1570 Editionibus
1977 1520 2300 1586 gennanicis,
2339 1519 2509 1585 iisque
2528 1521 2776 1585 corruptis
2808 1521 2960 1570 etiam
2989 1534 3052 1570 ac
3088 1519 3392 1589 depravati&
3431 1525 3462 1573 5
3485 1524 3562 1586 §3-
3596 1526 3666 1590 [p.
3700 1527 3768 1575 70
3800 1530 3922 1579 extr.
3944 1555 4012 1564 —
4036 1529 4176 1591 84.];

1222 1587 1413 1640 alterae
1449 1604 1598 1656 pagg.
1640 1593 1663 1640 1
1687 1617 1759 1628 —
1780 1593 1867 1641 56.
1904 1589 2178 1657 Appendix
2205 1592 2530 1659 pragmatica,
2562 1589 2813 1642 exhibens
2852 1591 3142 1657 dogmatum
3184 1590 3586 1660 theologicorum
3633 1594 3830 1661 aliquot
3875 1598 4176 1663 specimina,
4264 1616 4272 1636 =

1222 1662 1411 1729 quibus
1441 1677 1473 1711 e
1508 1661 1685 1711 critica
1714 1660 1784 1711 A.
1814 1659 1877 1715 C.
1916 1661 2130 1713 historia
2159 1661 2247 1714 lux
2282 1661 2454 1730 aliqua
2489 1661 2754 1716 sufficitur.
2794 1659 2830 1713 l.
2864 1661 2950 1714 De
2987 1664 3145 1715 forma
3193 1665 3568 1717 iustificationis
3608 1666 3741 1718 circa
3786 1683 3966 1731 nevum
4006 1667 4071 1720 A.
4112 1665 4176 1720 C.

1222 1734 1318 1784 rite
1355 1738 1554 1784 asserta
1582 1737 1637 1784 et
1672 1734 1918 1800 pristinae
1946 1738 2099 1800 atque
2137 1734 2452 1802 apostolicae
2498 1750 2626 1785 suae
2665 1735 2935 1800 integritati
2979 1736 3230 1789 restituta.
3274 1739 3338 1790 12
3377 1738 3474 1802 §Sl
3498 1742 3568 1806 [p.
3600 1742 3631 1790 3
3652 1769 3726 1778 -
3754 1739 3862 1804 32.]
3900 1735 3961 1789 11.
3997 1739 4176 1807 Speci-

1222 1821 1339 1856 men
1376 1804 1631 1871 dogmatis
1668 1804 1903 1871 polemici
1942 1804 2008 1855 de
2037 1806 2174 1857 vario
2204 1806 2425 1859 subinde
2461 1806 2542 1857 ob·
2564 1807 2790 1858 rationes
2820 1806 3055 1874 politicas
3091 1807 3499 1861 Reformatorum
3534 1811 3616 1860 sic
3652 1809 3900 1864 dictorum
3939 1811 3989 1860 in
4037 1810 4171 1879 Aug.

1223 1873 1375 1927 Conf.
1413 1877 1599 1928 animo.
1640 1881 1709 1945 [p.
1752 1880 1818 1928 35
1838 1907 1911 1917 —
1932 1880 2072 1943 56.];
2099 1894 2149 1945 p.
2190 1881 2255 1930 57
2278 1906 2352 1917 --
2372 1881 2458 1930 58.
2495 1875 2790 1944 Postfatio.)
2809 1881 2864 1944 *-)

1152 1972 1201 2022 2.
1240 1968 1343 2022 Ge.
1377 1967 1573 2021 Gottl.
1602 1970 1864 2021 Weber-i
1893 1973 2018 2025 stttt.
2058 1973 2213 2037 Θεῖῶ.
2245 1975 2322 2025 ber
2351 1972 2528 2037 mugi».
2555 1973 2695 2036 Genf.
2734 1970 2795 2021 P.
2835 1969 2895 2024 ΙΙ.
2934 1990 2983 2040 p.
3019 1975 3083 2024 16
3119 1987 3237 2039 sqq.

1152 2066 1198 2116 3.
1237 2062 1429 2116 Gottl.
1477 2062 1638 2114 Phil.
1688 2060 1932 2115 Christ.
1982 2062 2227 2116 Keiser
2276 2066 2469 2130 ffletttug
2515 2081 2569 2134 gu
2618 2068 2738 2119 einer
2786 2069 3010 2130 trittsdyeu
3058 2067 3530 2130 ssiterfiraffleftbtdpte
3580 2073 3657 2120 ber
3705 2069 4176 2131 wetanmtbon’fdyen

1221 2136 1717 2260 ffgss‘gf“f{3,⁶²¹¹¹⁶⁹⁰⁶²
1773 2138 1851 2191 ber
1908 2136 2192 2203 lateinisches
2240 2140 2331 2190 unb
2388 2140 2617 2204 beutfctyeu
2669 2139 3067 2206 ‘llugssfiurgtfdnu
3128 2139 3389 2206 OEonfeffiou
3441 2145 3537 2192 unt>
3587 2141 3847 2206 'lisoiogm
3922 2142 4176 2208 mutatura

799 2318 938 2373 Inter
972 2320 1100 2371 haec
1137 2322 1232 2373 tria
1259 2322 1513 2380 subsidia,
1550 2320 1617 2371 ad
1653 2336 1784 2388 quse
1821 2320 1964 2389 plura
1999 2320 2101 2372 elia
2138 2322 2238 2372 iam
2267 2338 2425 2390 supra
2460 2330 2737 2376 memorata
2771 2321 3050 2387 accedunt,
3101 2324 3233 2383 duo,
3274 2340 3405 2390 quae
3462 2324 3693 2376 secundo
3750 2330 3806 2377 et
3853 2326 4003 2378 tertio
4052 2325 4174 2379 loco
4208 2388 4212 2391 ,

799 2392 978 2453 attuli,
1014 2393 1168 2460 longe
1203 2395 1482 2461 insigniora
1516 2397 1658 2449 sunt.

1062 2464 1144 2516 Ex
1179 2467 1261 2529 iis,
1281 2483 1413 2533 quae
1434 2467 1483 2516 in
1503 2463 1892 2531 Prolegomenis
1912 2465 1977 2516 ad
1992 2465 2197 2516 latinam
2217 2462 2616 2518 Confessionem
2634 2482 2685 2533 p.
2706 2468 2810 2519 239
2831 2483 2951 2534 sqq.
2971 2466 3094 2528 dixi,
3110 2466 3298 2526 elucet,
3316 2466 3610 2519 Editionem
3629 2483 3850 2535 german.
3870 2465 4020 2520 conf.
4041 2470 4175 2537 prin-

800 2536 969 2605 cipem
990 2535 1338 2588 Melanthonis
1357 2538 1614 2590 continere
1646 2541 1676 2589 8
1693 2537 1748 2608 ¹s2
1788 2536 2021 2606 plagulas
2040 2537 2225 2589 litteris
2247 2539 2341 2591 ml
2363 2568 2432 2577 -·
2452 2539 2525 2597 83
2555 2540 2670 2603 (bb
2712 2540 2770 2606 Ἀ
2810 2538 2971 2606 plag.)
2991 2540 3238 2606 signatas,
3260 2542 3328 2589 34
3350 2538 3455 2589 foll.
3476 2555 3574 2589 non
3595 2556 3731 2589 num.
3755 2543 3833 2599 4⁰,
3854 2545 3906 2591 et
3928 2547 4031 2591 tres
4052 2545 4175 2592 Iltu-

796 2605 885 2658 Ios
920 2607 1156 2658 ἀίων-ιω
1192 2607 1398 2669 habere,
1436 2625 1649 2676 quorum
1685 2625 1806 2660 vero
1835 2608 1938 2660 duo
1975 2611 2026 2660 in
2063 2608 2180 2660 sola
2222 2608 2359 2660 linea
2404 2610 2802 2677 antepenultima
2839 2626 2902 2660 eo
2942 2610 3070 2660 inter
3114 2625 3177 2660 se
3226 2609 3486 2668 differunt,
3537 2611 3690 2676 quod.
3730 2611 3780 2660 in
3827 2610 3986 2663 altero
4025 2613 4174 2665 titulo

796 2677 935 2731 haec
962 2680 1098 2730 linea
1133 2680 1287 2748 paulo
1317 2681 1528 2733 interius
1566 2680 1742 2748 incipit
1777 2697 1927 2747 quam
1966 2681 2099 2731 duae
2133 2680 2301 2731 lineae
2338 2685 2610 2744 extremae,
2647 2681 2698 2732 in
2749 2680 2908 2733 altero
2950 2686 3122 2731 autem
3161 2680 3260 2731 hae
3296 2686 3405 2731 tres
3447 2680 3614 2731 lineae
3656 2687 3913 2733 extremae
3953 2700 4175 2751 aequum

791 2752 1026 2817 spatium
1062 2766 1094 2801 a
1122 2754 1345 2820 margine
1373 2753 1684 2805 interiectum
1715 2751 1920 2803 babent.
1979 2750 2195 2820 Propter
2223 2752 2352 2803 hanc
2382 2752 2616 2820 exiguam
2654 2753 2998 2805 diversitatem
3036 2751 3089 2802 hi
3120 2752 3222 2803 duo
3259 2751 3390 2803 tituli
3435 2754 3729 2819 ceteroquin
3760 2769 3971 2820 prorsus
3990 2772 4175 2822 aequa·

795 2819 888 2873 les
917 2823 1003 2872 vix
1030 2823 1159 2873 inter
1193 2839 1256 2875 se
1288 2825 1665 2892 distinguuntur
1685 2824 1840 2891 (vide
1870 2840 2027 2892 supra
2053 2841 2103 2892 p.
2137 2817 2239 2877 '239
2261 2826 2498 2886 -242.·,
2535 2825 2623 2875 ubi
2660 2830 2875 2892 uterque
2914 2822 3097 2887 titulus
3134 2825 3383 2891 repetitus
3421 2830 3506 2876 est
3541 2825 3800 2876 similibus
3848 2827 4018 2893 typis,
4066 2829 4174 2894 qni·

792 2893 902 2946 bus
935 2893 985 2943 in
1023 2895 1154 2961 ipsis
1187 2895 1339 2947 huius
1368 2895 1625 2947 Editionis
1663 2895 1916 2964 exemplis
1953 2912 2182 2947 excusus
2214 2901 2342 2962 est).
2382 2893 2589 2948 Tertius
2628 2914 2749 2948 vero
2784 2896 2995 2956 titulus,
3027 2912 3178 2963 quem
3225 2897 3340 2965 ipse
3384 2896 3655 2963 hucusque
3683 2913 3781 2949 non
3819 2897 3949 2959 vidi,
3978 2900 4176 2951 minori·

777 2963 901 3017 -tms
930 2966 1072 3033 typis
1112 2983 1398 3034 expressus
1429 2973 1490 3023 et
1513 2967 1699 3019 iisdem
1729 2968 1904 3035 figuris
1939 2967 2080 3035 ligno
2111 2968 2289 3019 incisis
2328 2968 2528 3020 cinctus
2564 2973 2670 3030 est,
2709 2968 3063 3037 acApologia
3096 2969 3399 3035 germanica,
3439 2970 3491 3020 in
3521 2971 3670 3021 cuius
3700 2971 4000 3022 recensione
4017 2988 4176 3041 supra

797 3051 855 3106 p.
888 3038 989 3088 241
1031 3054 1116 3105 sq.
1154 3038 1250 3092 has
1293 3041 1481 3107 figuras
1511 3039 1796 3107 descripsi,
1827 3039 1958 3093 conf.
1987 3040 2221 3091 Weber
2248 3038 2284 3092 l.
2321 3039 2359 3092 l.
2396 3056 2445 3107 p.
2479 3043 2563 3092 22.
2592 3046 2645 3093 et
2672 3039 2912 3092 Kaiser
2945 3040 2981 3093 l.
3009 3040 3047 3094 l.
3076 3056 3128 3107 p.
3169 3044 3256 3095 46.
3313 3079 3350 3104 ,.

1058 3108 1142 3160 De
1180 3112 1278 3163 hac
1307 3109 1656 3164 Melanthonis
1686 3111 1928 3163 Editione
1954 3111 2184 3180 principe
2220 3108 2585 3164 Confessionis
2621 3114 2940 3180 germanicae
2970 3113 3182 3163 eaedem
3214 3116 3431 3181 quatuor
3448 3112 3786 3181 quaestiones
3806 3112 4173 3168 dissolvendae

796 3185 938 3242 sunt,
974 3196 1038 3232 ae
1072 3197 1230 3251 supra
1256 3201 1311 3252 p.
1346 3186 1446 3236 243
1477 3199 1594 3252 sqq.
1623 3184 1689 3237 de
1725 3181 1912 3236 latinae
1949 3181 2315 3237 Confessionis
2350 3182 2593 3236 Editione
2620 3185 2875 3255 principe,
2905 3201 3090 3253 nempe

1148 3281 1203 3343 1)
1230 3294 1334 3346 quo
1362 3292 1501 3353 anno
1530 3276 1659 3328 baec
1687 3274 1861 3327 Editio
1891 3276 2164 3345 prodierit?

1145 3372 1203 3437 2)
1232 3386 1303 3422 esc
1327 3388 1430 3439 quo
1471 3370 1670 3422 Codice
1698 3387 1730 3422 a
1756 3369 2086 3422 Melanthone
2116 3369 2254 3421 edite
2280 3370 2384 3424 sit?

1145 3466 1203 3530 3)
1231 3480 1296 3527 an
1325 3460 1607 3515 Confessio
1643 3479 1709 3514 ex
1737 3462 1837 3516 lroe
1873 3461 2069 3515 Codice
2105 3462 2365 3513 &meriste
2393 3462 2459 3515 ab
2489 3478 2553 3513 eo
2584 3461 2722 3514 edite
2755 3461 2861 3513 sit?

1145 3562 1203 3623 4)
1231 3562 1398 3608 utrum
1432 3573 1553 3607 vere
1579 3571 1684 3608 mm
1719 3556 1894 3610 Editio
1923 3557 2019 3617 sit,
2050 3571 2114 3607 an
2145 3555 2367 3623 phares?

1056 3671 1096 3723 1.
1127 3669 1211 3723 De
1239 3687 1396 3734 anno,
1426 3686 1527 3738 quo
1557 3670 1687 3723 haec
1713 3666 1886 3723 Editio
1921 3672 2159 3738 princeps
2189 3670 2444 3738 impressa
2478 3669 2552 3721 sit
2585 3674 2639 3721 et
2673 3667 2932 3737 prodierit,
2963 3667 3143 3720 eadem
3180 3667 3367 3732 valent,
3397 3683 3530 3735 quae
3564 3684 3721 3738 supra
3750 3684 3798 3737 p.
3831 3669 3934 3719 243
3955 3697 4029 3709 -—
4048 3669 4168 3722 250.

797 3744 923 3796 dixi.
999 3743 1249 3806 Quamvis
1288 3743 1420 3794 enim
1459 3744 1559 3794 iam
1597 3748 1816 3795 exeunte
1862 3758 1993 3794 anno
2035 3745 2189 3794 1530.
2229 3743 2369 3810 typis
2408 3740 2796 3809 descripta.sit,
2832 3746 3001 3792 tamen
3031 3741 3149 3792 anni
3200 3743 3355 3793 1531.
3399 3740 3604 3793 demum
3648 3757 3831 3792 mense
3877 3739 4044 3808 Aprili
4087 3756 4171 3793 ex·

793 3822 956 3869 eunte
984 3816 1071 3868 vel
1104 3816 1244 3868 Maio
1282 3817 1487 3867 ineunte
1523 3816 1779 3883 prodiisse
1814 3815 2032 3870 videtur.

1055 3906 1120 3960 ll.
1149 3907 1233 3960 De
1272 3907 1499 3968 Codice,
1533 3925 1604 3958 cx
1638 3925 1741 3976 quo
1778 3907 1909 3959 haec
1938 3906 2217 3961 Confessio
2253 3923 2286 3958 a
2313 3904 2646 3958 Melanthone
2694 3905 2833 3957 edita
2877 3906 2990 3966 ειίί,ἑ
3016 3909 3206 3956 certum
3254 3903 3449 3971 aliquid
3490 3904 3590 3956 dici
3638 3921 3736 3956 non
3776 3910 3964 3973 potest.
4036 3905 4170 3961 Cum

796 3986 968 4032 sutem
1000 3978 1363 4033 confessionis
1393 3982 1710 4047 germanicae
1746 3997 1874 4040 non,
1911 3985 1969 4032 ut
1995 3979 2183 4031 latinae
2219 3978 2362 4044 (vide
2392 3994 2550 4046 supra
2585 3994 2636 4046 p.
2684 3979 2784 4031 219
2835 3983 2970 4044 sq.),
3010 3977 3180 4045 ipsum
3219 3976 3567 4028 Melanthonis
3623 3977 4017 4045 autographum,
4072 3979 4171 4031 sed

793 4052 1141 4120 apographum
1179 4069 1244 4104 ex
1294 4053 1392 4104 boc
1432 4052 1720 4120 elegantius
1759 4057 2014 4104 exaratum
2059 4049 2353 4119 Imperatori
2403 4050 2679 4103 exhibitum
2729 4050 2800 4102 sit
2819 4048 2935 4114 i''¹'-¹)‚
2982 4066 3055 4102 ex
3104 4065 3168 4100 eo
3210 4051 3563 4117 consequitur,
3604 4048 3981 4100 Melanthonem
4030 4055 4170 4102 suto·

796 4124 1023 4193 graphou
1056 4142 1208 4176 suum
1237 4127 1288 4176 in
1324 4125 1559 4176 manibus
1597 4125 1813 4177 retinere
1849 4125 2104 4193 potuisse.
2179 4121 2358 4174 Utrum
2395 4139 2517 4173 vero
2554 4138 2621 4173 ex
2656 4121 2780 4181 hoc,
2812 4137 2884 4172 ‘sn
2924 4138 2990 4173 ex
3018 4119 3120 4173 alio
3164 4118 3359 4173 Codice
3404 4124 3570 4173 bonae
3617 4121 3735 4173 fidei
3784 4120 3916 4173 hauc
3953 4118 4170 4175 Confes-

797 4197 1002 4249 sionem
1038 4197 1284 4258 ediderit,
1317 4197 1522 4248 decerni
1559 4198 1763 4265 nequit,
1796 4197 2032 4264 quoniam
2070 4197 2186 4263 ipse
2223 4194 2349 4246 nihil
2378 4194 2444 4246 de
2481 4194 2578 4245 bac
2606 4210 2663 4244 re
2692 4193 2911 4245 tradidit.

1057 4288 1141 4344 Ill.
1184 4288 1339 4352 Quod
1378 4291 1558 4342 attinet
1603 4289 1670 4341 ad
1713 4292 1913 4342 tertiam
1951 4290 2335 4356 quaestionem,
2379 4305 2441 4340 an
2482 4285 2762 4340 Confessio
2810 4286 3099 4354 germanica
3137 4302 3170 4337 a
3212 4284 3546 4338 Melanthone
3601 4302 3665 4337 ex
3703 4302 3802 4338 suo
3849 4283 4046 4338 Codice
4087 4288 4171 4337 ἰη-

798 4362 1005 4413 oartau
1034 4362 1172 4415 edita
1218 4363 1315 4425 sit,
1363 4367 1567 4430 propter
1611 4363 1834 4414 auctoris
1884 4362 2108 4413 suidium
2144 4362 2336 4428 scripta
2379 4377 2506 4421 sua,
2554 4366 2795 4427 quantum
2844 4359 2950 4410 fieri
2994 4359 3190 4427 possit,
3238 4357 3501 4423 sumendi,
3540 4359 3746 4410 minime
3794 4358 3998 4419 dubito,
4045 4360 4166 4425 quin

798 4433 954 4486 etiam
984 4436 1035 4486 iu
1064 4433 1163 4487 hac
1197 4434 1485 4502 gennanica
1512 4450 1675 4502 aeque
1704 4451 1767 4486 ac
1793 4435 1844 4486 in
1874 4433 2033 4488 letina
2068 4434 2266 4504 passim
2296 4432 2545 4500 quaedam
2574 4432 2865 4493 mutaverit,
2913 4432 3103 4500 quippe
3146 4430 3283 4499 quod
3330 4430 3706 4484 Melanthea
3754 4431 3805 4482 in
3851 4431 4166 4499 praefation-e

974 4699 1024 4759 ·)
1052 4703 1177 4749 Eune
1201 4703 1358 4747 librum
1387 4711 1443 4745 ex
1471 4699 1667 4744 Biblioth.
1696 4698 1838 4744 ducali
1867 4698 2134 4752 Guelferbyt.
2166 4699 2210 4743 tn
2238 4698 2441 4745 manibus
2468 4699 2625 4744 habco.
2729 4748 2740 4759 ⁵

946 4778 1018 4838 ”)
1047 4779 1410 4827 cont-uuilert
1436 4779 1621 4825 materie
1650 4788 1734 4823 non
1762 4778 1834 4823 ber
1860 4774 2030 4835 Graue.
2063 4774 2249 4824 &tiabit
2277 4776 2463 4824 Protect-
2484 4788 2539 4848 ¹u.
2568 4776 2780 4831 Appellat.
2808 4786 2852 4833 p·
2882 4777 2983 4820 571.
