4966 5577
911 423 952 451 Q

824 627 930 684 831

826 786 1018 844 uenire
1063 785 1322 848 deberet,
1347 786 1422 846 ³⁷)
1469 790 1704 853 apparet
1726 782 1801 846 ⁸⁸)
1839 777 2153 834 Ecclesiam
2183 782 2259 845 ⁸⁹)
2297 780 2348 834 ei
2384 778 2465 834 rei

828 858 1140 913 destinasse
1177 856 1322 909 diem
1361 853 1729 917 Dominicum,
1765 853 1955 924 quim)
1988 853 2060 906 ob
2078 850 2354 922 hancque
2396 860 2467 905 'ue

830 944 1057 984 causam
1093 928 1310 982 uidetur
1344 943 1432 981 ma
1474 927 1522 979 is
1544 928 1622 989 ⁴¹)
1655 922 1957 995 placuisse,
1993 933 2054 979 vt
2070 922 2343 978 haberent
2407 940 2464 978 o-

1568 624 1757 679 Pnn..
1793 623 1969 680 MEL.
2004 621 2322 679 scmPTA
2353 621 2808 679 DOGMATch
2839 622 2936 676 ET
2972 620 3429 679 SYMBoLtcA.

4073 623 4186 681 332

2544 779 2669 853 quis
2705 796 2855 834 nunc
2885 781 3189 836 obseruat?
3227 797 3409 853 neque
3444 791 3630 836 tamen
3667 791 3905 853 peccant
3940 783 4034 854 qui
4067 800 4186 839 non

2544 853 2869 918 obseruant,
2894 854 2985 914 ⁶¹)
3023 853 3153 922 quia
3190 868 3262 906 ne
3307 854 3412 924 ipsi
3451 854 3668 924 quidem
3698 852 3961 925 Apostoli
3995 854 4186 911 volue-

2541 933 2671 979 runt
2722 939 2959 978 onerare
2980 925 3070 988 ⁶²)
3129 925 3508 979 conscientias
3565 923 3663 979 tali
3725 927 4022 994 seruitute,
4078 927 4187 982 sed

827 1001 1004 1056 mines
1040 996 1355 1069 exemplum
1392 997 1438 1052 C
1478 997 1742 1051 ristianae
1794 993 2099 1063 libertatis,
2153 1004 2209 1050 et
2257 996 2467 1050 scirent
2503 972 2510 1073 Ι
2543 997 2616 1050 ad
2653 1005 2870 1065 tempus
2899 994 3301 1065 prohibuerunt
3335 1005 3565 1124 profiter
3583 996 3930 1054 scandalum.
3954 1002 4045 1065 ⁶³)
4081 998 4187 1054 Est

827 1087 935 1126 nec
970 1070 1190 1125 sabbati
1226 1086 1329 1125 nec
1358 1067 1589 1125 alterius
1609 1068 1715 1122 diei
1736 1068 2183 1125 obseruationem
2199 1083 2465 1123 necessa·
2504 1077 2511 1143 ᾗ
2542 1067 2685 1194 {tulgi
2709 1064 3426 1205 ⁶⁴)tpegp32tuzyoolp31tafi·
3463 1139 3541 1196 ca

2563 1156 2599 1193 n
2671 1155 2804 1193 ecre
2828 1155 2882 1194 e.
3125 1156 3180 1192 1x
3328 1157 3365 1195 v
3412 1158 3429 1195 ι
3546 1157 3724 1195 nones
3760 1154 4056 1198 seruantur
4093 1159 4186 1199 ac-

2544 1222 2763 1276 curate,
2811 1219 2869 1265 et
2911 1208 3065 1265 multi
3099 1213 3188 1279 ⁶⁷)
3244 1213 3492 1284 quotidie
3527 1214 3620 1280 ⁶⁸)
3668 1211 3995 1269 exolescunt
4035 1232 4067 1269 a
4108 1216 4187 1271 ud

2540 1281 2673 1338 illos
2724 1282 2925 1348 etiam,
2958 1285 3046 1350 ⁶⁹)
3111 1282 3205 1353 qui
3263 1281 3686 1356 diligentissime
3717 1288 3806 1353 ⁷⁰)
3880 1284 4042 1340 defen
4086 1295 4187 1343 unt

2542 1354 2890 1410 traditiones.
2930 1354 3050 1408 Nec
3080 1363 3267 1424 potest
3286 1357 3651 1429 conscientiis
3690 1354 3929 1423 consuli,
3953 1360 4041 1425 ⁷¹)
4077 1358 4189 1413 nisi

2542 1424 2685 1481 haec
2739 1426 2995 1496 aequitas
3051 1436 3335 1495 seruetur,
3391 1438 3451 1482 vt
3503 1429 3750 1483 sciamus
3795 1445 3894 1483 eos
3920 1431 4010 1495 77)
4058 1432 4184 1485 sine

2505 1512 2512 1593 Ι
2544 1499 2801 1570 opinione
2836 1498 3189 1551 necessitatis
3226 1495 3464 1567 seruari,
3516 1517 3624 1554 nec
3660 1498 3771 1555 ledi
3807 1502 4185 1558 conscientias

2505 1600 2511 1610 ·
2543 1570 2759 1625 etiamsi
2795 1569 3120 1624 traditiones
3157 1569 3501 1628 exolescant.
3530 1575 3617 1637 ⁷³)

826 1144 964 1199 riam
985 1144 1058 1211 ⁴²)
1096 1159 1244 1198 esse.

972 1214 1182 1268 Extant
1217 1213 1575 1285 prodigiosae
1612 1211 2015 1282 disputationes
2053 1210 2124 1265 de
2162 1210 2466 1265 mutatione

827 1286 883 1341 le
923 1288 993 1352 is,
1034 1288 1103 1340 de
1141 1285 1471 1356 ceremonijs
1508 1299 1689 1339 nouae
1723 1281 1888 1355 legis,
1915 1284 1994 1348 ⁴⁸)
2044 1284 2115 1337 de
2164 1283 2469 1336 mutatione

828 1305 1071 1424 saihsti,
1107 1376 1253 1430 quae
1272 1360 1349 1422 ⁴⁴)
1388 1373 1584 1411 omnes
1621 1364 1779 1409 ortae
1810 1363 1941 1409 sunt
1977 1371 2048 1409 ex
2075 1351 2224 1409 salsa
2239 1369 2466 1424 persua·

827 1430 1193 1501 sione,·quod
1239 1438 1498 1500 oporteat
1517 1430 1594 1492 ⁴⁵)
1642 1429 1699 1481 in
1747 1425 2009 1480 Ecclesia
2062 1423 2268 1480 cultum
2333 1442 2465 1481 esse

827 1500 1063 1556 similem
1097 1501 1368 1556 Leuitico.
1450 1499 1523 1552 Et
1553 1504 1632 1565 ⁴⁶)
1680 1499 1829 1570 quod
1873 1495 2131 1553 Christus
2184 1497 2467 1551 comiserit

826 1572 1120 1644 Apostolis
1167 1584 1223 1628 et
1269 1571 1315 1626 E
1358 1570 1566 1642 iscopis
1595 1575 1673 1633 ⁴⁷)
1722 1571 2040 1641 excogitare
2085 1586 2264 1624 nouas
2313 1564 2465 1624 cerd-

826 1647 1063 1710 moniaS,
1102 1662 1244 1715 quae
1282 1661 1312 1698 s
1333 1654 1394 1699 nt
1417 1647 1493 1713 48)
1532 1644 1602 1696 ad
1626 1640 1864 1697 salutem
1883 1641 2259 1696 necessariae.
2297 1639 2367 1695 Hi
2388 1644 2464 1704 ⁴⁹)

830 1734 1053 1772 errores
1090 1734 1183 1770 ser
1222 1726 1413 1770 serunt
1443 1715 1500 1769 in
1538 1712 1884 1780 Ecclesiam,
1920 1730 2044 1768 cum
2081 1714 2301 1768 iusticia
2338 1711 2466 1768 fidei

827 1805 938 1843 non
977 1789 1117 1843 satis
1152 1806 1183 1842 c
1207 1805 1303 1842 are
1325 1791 1400 1853 ⁵⁰)
1439 1788 1793 1841 docerentur.
1867 1782 2057 1857 Aliqui
2077 1788 2154 1850 ⁵¹)
2183 1785 2464 1855 disputant

828 1860 936 1915 diei
992 1859 1266 1915 Dominici
1305 1859 1752 1914 obseruationem
1789 1874 1901 1912 non
1939 1859 2159 1930 quidem
2218 1858 2357 1910 iuris
2388 1856 2468 1910 di-

827 1930 1130 1998 uini'esse,
1166 1933 1268 1986 sed
1318 1934 1483 2003 quasi
1522 1931 1656 1985 iuris
1713 1930 1909 1996 diuini,
1959 1930 2350 2001 praescribunt
2396 1931 2473 1986 de

825 1999 1006 2076 feriJS‚
1042 2015 1355 2076 quantenus
1394 2000 1563 2058 liceat
1598 2003 1837 2071 operari.
1913 1999 2240 2056 Huiusmodi
2279 2000 2467 2070 dispu-

827 2076 1067 2131 tationes
1099 2075 1228 2146 quid
1267 2086 1398 2129 sunt
1427 2073 1576 2128 aliud
1600 2078 1674 2140 52)
1714 2074 1819 2127 nisi
1845 2075 1916 2136 ⁵⁸)
1953 2070 2137 2145 laquei
2176 2074 2464 2127 conscien-

827 2146 1065 2202 tiarum?
1121 2146 1448 2218 Quanquam
1487 2147 1629 2220 crssm
1652 2150 1728 2211 Μ)
1765 2153 2036 2199 conentur
2053 2145 2369 2215 epikeizare
2389 2146 2465 2210 ⁶⁵)

3485 1066 3727 1142 nangelij
3777 1071 4189 1127 consideranda

2687 1639 2876 1695 Facile
2890 1651 3075 1695 antem
3094 1654 3332 1712 possent
3359 1645 3444 1704 ⁷⁴)
3480 1644 3746 1715 Episcopi
3764 1641 4068 1717 legitimam
4093 1646 4184 1711 ⁷⁵)

2542 1714 2913 1768 obedientiam
2949 1714 3220 1780 retinere,
3264 1715 3316 1770 si
3354 1732 3466 1769 non
3507 1724 3770 1787 vrgerent
3816 1732 4048 1771 seruare
4080 1724 4189 1772 tra·

2541 1785 2781 1840 ditiones
2803 1822 2820 1852 ,
2917 1802 3022 1839 uae
3075 1787 3225 1840 bona
3283 1788 3629 1842 conscientia
3683 1789 3898 1844 seruari
3932 1790 4020 1855 ⁷⁶)
4070 1805 4187 1845 non

2581 1868 2799 1911 essunt.

2540 1874 2698 2000 giunt
2734 1929 2840 1982 nisi
2877 1930 3060 1982 iurent
3095 1945 3161 1981 se
3190 1947 3384 1999 puram
3399 1929 3689 2004 Euangelij
3711 1932 4017 1986 doctrinam
4036 1929 4187 1988 nolle

2543 2002 2766 2056 docere.
2841 2000 2968 2054 Non
3008 2010 3201 2071 petunt
3235 2000 3532 2058 Ecclesiae
3559 2005 3646 2068 ⁷⁷)
3695 2014 3754 2057 vt
3789 2003 4052 2075 Episcopi
4086 2003 4189 2059 ho·

2541 2073 2695 2128 noris
2731 2073 2818 2126 sui
2854 2074 3069 2126 iactura
3093 2074 3180 2138 78)
3216 2075 3464 2128 sarciant
3503 2075 3881 2143 concordiam,
3918 2076 4069 2147 quod
4095 2079 4187 2142 ⁷⁹)

2542 2153 2727 2199 tamen
2766 2144 3000 2197 decebat
3022 2147 3110 2209 80)
3151 2146 3331 2198 bonos
3371 2156 3629 2216 pastores
3665 2143 3873 2201 facere.
3946 2146 4187 2202 Tantum

2925 1873 3035 1910 unc
3087 1858 3360 1926 imperant
3401 1856 3764 1925 coelibatum,
3810 1856 3998 1915 nullos
4044 1860 4186 1915 reci·

826 2219 1172 2285 traditioneS,
1207 2229 1393 2272 tamen
1429 2235 1706 2289 nunquam
1752 2225 1938 2288 potest
1981 2219 2234 2287 aequitas
2272 2217 2466 2286 deprc-
2506 2205 2736 2286 ¹petunt
2771 2225 2831 2270 vt
2865 2216 3068 2270 iniusta
3102 2218 3191 2283 81)
3254 2232 3430 2271 onera
3475 2220 3780 2285 remittant,
3833 2235 3981 2291 quae
4035 2235 4186 2273 noua

824 2289 1017 2356 bentii,
1041 2292 1117 2350 ⁵⁶)
1152 2290 1333 2344 donec
1353 2302 1535 2344 manet
1559 2293 1638 2355 ⁵⁷)
1674 2289 1863 2360 opinio
1893 2288 2266 2353 necessitatis,
2303 2305 2466 2359 quam
2506 2290 2513 2325 Ι
2544 2296 2691 2353 sunt,
2728 2298 2785 2342 et
2818 2296 3040 2358 praeter
3077 2290 3534 2344 consuetudinem
3550 2289 3846 2345 Ecclesiae
3874 2289 4185 2345 catholicae

827 2379 1053 2416 manere
1083 2376 1323 2416 necesse
1359 2369 1465 2426 est,
1489 2364 1578 2426 ⁵8)
1614 2361 1707 2414 vbi
1753 2362 2082 2432 ignorantur
2117 2363 2205 2426 ⁵⁹)
2249 2360 2467 2415 iusticia
2543 2368 2790 2430 recepta.
2865 2357 3150 2413 Fortassis
3175 2362 3265 2426 ⁸²)
3299 2361 3453 2415 initio
3471 2362 3739 2432 quaedam
3760 2362 4184 2418 constitutiones

827 2433 975 2503 fidei,
1012 2443 1068 2487 et
1103 2431 1332 2486 libertas
1370 2431 1706 2486 Christiana.

827 2692 1140 2775 mhd'sieret]
1170 2719 1392 2773 Dresd.‚
1424 2719 1647 2772 Ouold.,
1678 2719 1849 2762 Wim.=
1880 2718 2038 2761 debeat

826 2789 907 2847 88)
937 2791 1136 2843 deberet,
1165 2791 1363 2848 apparet]
1392 2791 1482 2834 Ed.
1515 2796 1644 2834 anta
1678 2791 1869 2835 deberet.
1928 2791 2124 2847 Apparet

827 2863 906 2919 89)
935 2864 1203 2918 Ecclesiam]
1232 2862 1346 2905 Rat.
1365 2863 1506 2918 salso:
1537 2863 1722 2906 ecelesia

825 2936 904 2992 40)
935 2937 1028 2991 qui]
1057 2935 1238 2978 Faba:
1270 2936 1371 2988 quia

825 3007 906 3062 41)
935 3007 1093 3062 magis]
1123 3007 1301 3049 Wim.:
1333 3008 1473 3058 magis
1503 3016 1674 3068 quoqne

824 3078 905 3134 42)
936 3078 1283 3119 obseruationem
1309 3075 1616 3134 necessariam]
1645 3075 1789 3129 But..
1828 3076 2014 3119 Wirc.:
2053 3077 2343 3120 necessariam
2387 3075 2464 3119 ob-

938 3136 1233 3177 sei-nationem

823 3206 904 3262 4³)
935 3206 991 3248 de
1020 3207 1277 3306 etliremonijs
1307 3218 1450 3248 nouae
1487 3206 1628 3265 legis,]
1668 3206 1762 3249 Ed.
1803 3211 1933 3248 ent:
1973 3206 2029 3247 de
2068 3205 2344 3262 ceremoniis,
2384 3182 2463 3247 no‘-

937 3276 1021 3306 uae
1068 3277 1171 3318 eges

823 3337 905 3389 44)
937 3334 1070 3393 quae]
1096 3337 1142 3378 in
1169 3335 1287 3380 Bet.
1318 3337 1407 3390 qui,
1437 3335 1547 3392 quod
1563 3336 1747 3392 pimus·
1779 3341 1870 3379 erat
1891 3336 2101 3393 scn'ptttm,
2125 3334 2374 3378 mandam
2403 3339 2464 3377 est

937 3395 1003 3436 in:
1035 3407 1118 3448 que
1147 3395 1197 3447 (i.
1229 3409 1267 3450 q.
1301 3395 1430 3447 quae)

823 3466 905 3521 45)
936 3466 1157 3520 oporteat]
1187 3465 1361 3507 Dess.:
1394 3473 1568 3521 oportet

822 3536 903 3592 46)
933 3537 1147 3581 Leuitico.
1206 3536 1278 3596 Et]
1311 3537 1541 3590 Onold.‚
1572 3536 1757 3578 Faba:
1785 3536 2009 3589 Leuitico,
2039 3541 2084 3577 et

820 3609 903 3663 47)
932 3609 1162 3663 Apostolis
1192 3615 1237 3651 et
1263 3608 1512 3665 Episcopis]
1544 3607 1723 3653 Dess.:
1756 3609 1974 3665 episcopis
2007 3613 2052 3650 et
2078 3607 2293 3663 apostolis

820 3681 903 3736 48)
932 3680 1033 3737 sint]
1065 3682 1243 3723 Fabr.:
1275 3687 1378 3723 sunt

820 3753 901 3808 49)
930 3753 1009 3808 Hi]
1038 3751 1180 3796 Ram
1211 3752 1297 3807 hij,
1324 3752 1416 3795 Ed.
1447 3757 1581 3795 snt.=
1612 3752 1649 3808 Ij

822 3823 903 3879 50)
935 3823 1069 3880 clare]
1103 3826 1148 3865 in
1175 3823 1292 3866 Rat.
1324 3822 1452 3868 dm.

822 3896 902 3949 51)
932 3896 1101 3955 Aliqui]
1133 3898 1310 3943 Dess.=
1341 3895 1532 3950 aliquid,
1561 3894 1740 3938 Fabr.=
1770 3895 1864 3937 Alii

822 3967 902 4023 ⁶2)
931 3970 1067 4025 aliud]
1103 3971 1293 4013 Wirc.:
1325 3969 1513 4023 aliquid,
1543 3967 1774 4019 Dresd„
1806 3967 1956 4011 wim.
1986 3964 2242 4010 tumeam·
2266 3967 2466 4009 mm.

824 4038 905 4093 53)
936 4038 1038 4097 nisi]
1071 4042 1210 4094 Rat„
1242 4043 1432 4093 Wirc.‚
1464 4041 1646 4083 Faba:
1678 4052 1807 4094 quam

825 4111 905 4166 54)
937 4112 1069 4167 enim]
1102 4112 1221 4154 Rat.
1252 4110 1359 4154 Itane
1385 4124 1522 4155 vocem
1550 4113 1598 4153 in
1623 4112 1813 4168 marqine
1840 4109 1974 4155 haba.

823 4183 903 4238 55)
936 4182 1201 4239 epikeizare]
1235 4183 1343 4225 Des
1355 4197 1417 4226 ιε
1449 4183 1691 4238 epikejzare
1722 4185 1759 4236 (ἲ
1791 4183 2004 4226 Weberus
2031 4181 2072 4225 11.
2103 4181 2464 4225 Lst'eadnotam't:

746 4258 750 4262 >
937 4240 1091 4283 Dese.
1124 4243 1181 4297 ej)
1213 4241 1353 4283 Rata
1382 4242 1466 4297 Epi
1482 4242 1667 4296 keisere,
1693 4242 1877 4286 wiron
1908 4240 2187 4296 epiikeisnre,
2210 4240 2304 4283 Ed.
2333 4245 2466 4294 snt„

937 4299 1125 4342 Faba:
1157 4298 1378 4352 epikizare
1463 4319 1468 4323 ·

820 4368 903 4425 56)
935 4369 1219 4428 deprehendi]
1251 4368 1341 4414 Ed.
1372 4377 1503 4415 ant.=
1536 4370 1850 4428 comprehendi

823 4442 904 4496 57)
934 4442 1099 4499 manet]
1131 4442 1307 4486 wia:
1336 4448 1514 4486 maneat

818 4514 898 4569 58)
931 4514 1011 4574 est]
1041 4515 1159 4559 nat.
1192 4528 1273 4556 non
1301 4513 1436 4559 habet.

722 4593 732 4604 “
817 4586 897 4642 59)
926 4587 1446 4644 ignoranturJDresd„
1476 4586 1631 4638 Nor„
1659 4585 1882 4639 Onold„
1913 4586 2090 4640 wira..
2119 4584 2468 4639 Estqwirc..

934 4646 1032 4688 Ed.
1062 4653 1202 4689 επις
1232 4646 1467 4698 ignoratur

817 4716 898 4773 60)
928 4730 956 4759 a
995 4717 1244 4774 sanguine‚]
1287 4718 1466 4761 Deum:
1507 4729 1536 4760 n
1573 4717 1785 4770 sanguine
1826 4714 2067 4769 suffocato,
2093 4714 2239 4772 Rau,
2280 4713 2469 4768 wire..

931 4775 1111 4821 lubra
1140 4788 1169 4819 s
1196 4777 1409 4830 sanguine
1438 4780 1524 4819 ete.

2505 2409 2859 2506 ‚habuerunt
2883 2434 2971 2495 83)
3018 2429 3341 2501 probabiles
3392 2450 3631 2499 causae,
3670 2436 3762 2500 8⁴)
3810 2451 3954 2506 quae
3998 2443 4184 2489 tamen

977 2501 1242 2574 Apostoli
1295 2505 1576 2559 iusserunt
1630 2505 1911 2559 abstinere
1957 2520 1994 2556 a
2047 2503 2349 2576 sanguine,
2392 2505 2466 2569 ⁶⁰)
2505 2510 2513 2623 1

2505 2640 2510 2648 .
2544 2603 2624 2657 61)
2653 2609 2836 2657 peccaut
2865 2604 2940 2657 qui
2970 2616 3059 2645 non
3090 2604 3347 2661 obseruant]
3379 2604 3524 2659 aaa,
3556 2606 3746 2651 wirma
3780 2613 3931 2661 peccat
3966 2608 4183 2661 sanguine

2662 2662 2735 2714 qui
2765 2673 2854 2702 non
2886 2662 3094 2703 obserant

2506 2797 2511 2803 '
2543 2730 2622 2786 62)
2653 2731 2855 2800 onerare]
2889 2733 2995 2774 Des
3009 2745 3070 2775 s.=
3100 2734 3276 2776 onerari

2543 2804 2624 2858 63)
2653 2803 2922 2861 scandalum]
2955 2806 3133 2848 Fabr.:
3163 2806 3371 2849 scandala

2544 2876 2623 2931 64)
2654 2876 2789 2932 enim]
2821 2876 3007 2921 wire-‚z
3039 2880 3166 2920 nobis
3196 2879 3235 2932 (7
3264 2878 3374 2934 cons.
3407 2890 3536 2934 supra
3560 2891 3605 2935 p.
3636 2878 3737 2922 815.
3767 2884 3869 2921 nota
3897 2879 3992 2933 75.)

2543 2947 2623 3004 65)
2654 2948 2977 2992 consideranda
3021 2951 3064 2991 in
3112 2949 3325 3007 decreto]
3374 2949 3515 2993 Rae:
3564 2951 3611 2992 in
3654 2951 3831 2992 decreto
3868 2949 4186 2994 consideranda

2657 3006 2840 3050 Wirc.=
2885 3007 2930 3049 in
2969 3009 3145 3051 decreta
3186 3009 3242 3061 (Ρ)
3279 3008 3600 3051 consideranda
3665 3006 3757 3051 Ed.
3795 3020 3859 3051 an
3872 3013 3927 3050 t.=
3973 3010 4184 3062 eonsyde-

2656 3063 2797 3105 raude
2825 3065 2987 3107 directe

2542 3133 2621 3189 66)
2654 3136 2972 3179 consideranda
3002 3137 3049 3179 in
3079 3137 3273 3181 decreto.
3334 3136 3440 3195 vix]
3480 3135 3704 3181 Oneld.=
3747 3137 4074 3182 consideranda.
4131 3136 4187 3181 h

2657 3193 2832 3234 decreto
2862 3195 2937 3236 vix

2543 3264 2622 3320 67)
2652 3264 2793 3322 multi]
2825 3264 2961 3317 Rat„
2994 3266 3185 3307 Wirc.:
3216 3266 3377 3307 multae
3426 3267 3432 3275 '

2543 3336 2623 3391 68)
2656 3334 2868 3393 quotidie]
2901 3336 3125 3380 Onold.:
3154 3337 3331 3390 quidem

2545 3408 2625 3462 69)
2657 3409 2808 3462 etiam]
2836 3410 2882 3450 in
2912 3409 3020 3451 Des
3032 3421 3067 3451 s.
3096 3409 3223 3452 deest.

2547 3481 2625 3536 70)
2658 3480 3004 3536 diligentissime]
3039 3480 3180 3532 Rae,
3211 3481 3376 3527 Wirc.
3408 3481 3607 3523 uncinum.

2548 3551 2625 3604 71)
2657 3550 2842 3650 consnlli]
2891 3552 2937 3592 in
2979 3551 3098 3597 Rat.
3144 3552 3298 3595 calami
3341 3566 3480 3596 error:
3524 3552 3711 3595 consulti
3760 3556 3970 3597 corradus
4011 3556 4073 3597 ed
4113 3552 4185 3596 ⁸⁹⁸2

2661 3622 2795 3650 0071811
2816 3622 2832 3651 l

2549 3682 2628 3736 72)
2659 3679 2755 3736 ees]
2789 3681 2945 3733 Non,
2976 3679 3194 3724 Onold.:
3225 3693 3299 3723 eas

2548 3752 2625 3806 73)
2658 3753 2825 3795 etiamsi
2862 3752 3122 3794 traditiones
3173 3754 3465 3808 exolescant]
3505 3754 3665 3798 Non:
3711 3754 3878 3797 etiamsi
3920 3753 4187 3796 tradiciones

2663 3811 2928 3852 exolescunt.
2991 3809 3135 3862 Ram,
3167 3810 3353 3855 Wirc.:
3384 3813 3521 3853 eciam
3566 3813 3602 3854 si
3646 3813 3751 3867 quid
3786 3817 3925 3854 mutet
3964 3824 4065 3853 vsus
4108 3811 4186 3853 ho-

2662 3868 2827 3908 minum
2857 3870 2901 3909 in
2930 3879 2980 3908 re
3019 3868 3113 3911 tali.
3173 3868 3358 3911 Febr-,2
3398 3872 3566 3913 etiamsi
3604 3872 3708 3925 quid
3744 3872 3939 3913 immutet
3973 3881 4076 3912 παι
4110 3867 4189 3911 ho-

2660 3924 2823 3967 minnm
2852 3927 2898 3967 in
2926 3927 3007 3968 tali
3035 3937 3100 3968 re.
3926 3924 3931 3928 “

2546 3996 2625 4048 74)
2656 3995 2850 4053 possent]
2884 3997 3068 4039 Fabia:
3097 4004 3281 4052 possunt

2546 4067 2625 4118 75)
2656 4068 2914 4123 legitimam]
2945 4070 2991 4112 in
3018 4068 3173 4112 Dese.
3202 4067 3325 4112 deest.

2547 4139 2626 4192 76)
2654 4135 2840 4196 seruari]
2869 4140 3008 4183 Rata
3039 4152 3215 4183 seruare

2548 4210 2625 4263 77)
2658 4199 2904 4266 Ecclesiae]
2937 4212 3081 4266 Ram,
3110 4213 3305 4265 Wire.,
3331 4211 3511 4258 Faba:
3541 4212 3756 4256 eeclesiae
3783 4220 3961 4258 nostrae

2548 4282 2627 4337 78)
2658 4282 2843 4338 iactura]
2876 4282 2993 4326 Rat.
3022 4284 3147 4327 male:
3178 4287 3386 4328 iacturam

2550 4354 2629 4409 79)
2660 4355 2796 4409 quod]
2825 4355 2989 4400 Dess.
3019 4356 3185 4398 omittit.

2549 4427 2628 4483 80)
2659 4425 2866 4483 decebat]
2898 4425 3120 4473 Onold.:
3151 4428 3345 4471 docebat

2549 4498 2629 4553 81)
2659 4498 2841 4554 iniusta]
2870 4498 3056 4542 Fabr.:
3086 4500 3200 4542 iusta

2549 4571 2628 4625 82)
2659 4569 2893 4629 Fortassis]
2923 4571 3110 4617 wit-<m
3139 4572 3344 4614 Fortasse

2549 4642 2629 4696 83)
2659 4643 2872 4697 quaedam
2917 4644 3251 4686 constitutiones
3294 4643 3552 4702 babuerunt]
3596 4644 3739 4699 Bau,
3788 4639 3976 4700 Wi're„
4008 4644 4188 4690 Rubra

2663 4698 2910 4743 habuerunt
2939 4702 3044 4744 illae
3070 4702 3274 4757 (Babae
3303 4703 3432 4756 istae)
3462 4703 3788 4747 constitutiones

2549 4771 2630 4828 84)
2659 4773 2906 4829 probabiles
2937 4773 3109 4829 esusn]
3138 4773 3278 4828 Bet„
3309 4775 3494 4842 wirma
3523 4787 3676 4819 esusss
3702 4774 3952 4833 probabiles

3131 5031 3164 5044 l
