4966 5577
528 1425 585 3488 ‘m'ww
528 322 583 1023 W

2684 418 2779 429 -ἱ-
2803 424 2899 431 —-.—.

973 600 1081 694 aar
1945 638 2013 696 ιι.
2086 638 2154 696 Β.
2227 637 2635 696 com-assio
2670 638 3132 695 AUGUSTANA
3174 638 3360 695 IPSA.
4222 641 4333 700 3ae

1726 802 1770 849 1.
1837 798 1928 852 De
1963 797 2426 852 Melanthonis
2459 798 2709 853 Editione
2745 800 2880 853 anm·
2909 803 3062 853 1531.
3102 804 3326 853 octavae
3354 796 3591 867 formae.

1232 947 1333 1000 lam
1373 963 1531 1015 supra
1557 965 1608 1016 p.
1642 950 1742 1001 247
1775 965 1858 1017 sq.
1887 952 2178 1009 memoravi,
2208 948 2607 1009 Melanthonem,
2639 949 2879 1002 Editione
2907 950 3134 1018 principe
3164 950 3246 1000 vix
3274 948 3550 1017 publicata,
3571 947 3970 1001 confessionem
4000 956 4330 1014 retractasse,

970 1026 1127 1089 atque
1156 1036 1221 1072 ex
1249 1018 1472 1088 epistola
1498 1019 1564 1071 ab
1594 1027 1802 1074 auctore
1830 1023 1895 1072 ad
1925 1020 2183 1074 Brentium
2227 1022 2274 1072 d.
2309 1027 2354 1073 7.
2398 1019 2522 1072 lunii
2560 1023 2750 1089 scripta
2792 1021 2896 1072 illic
2936 1023 3170 1088 probavi,
3219 1021 3350 1072 banc
3399 1037 3578 1072 novam
3626 1020 3917 1074 Editionem
3966 1022 4075 1074 fere
4122 1023 4329 1077 ineunte

968 1089 1114 1148 hnic
1143 1108 1192 1145 a.
1228 1096 1381 1145 1531.
1412 1108 1537 1143 esse
1565 1093 1834 1160 inceptam.
1911 1091 2049 1144 {dem
2081 1093 2376 1161 intelligitur
2403 1110 2465 1144 ex
2497 1095 2656 1144 hocce
2685 1093 2801 1144 loco
2833 1092 3085 1161 epistolae
3114 1095 3177 1144 ab
3209 1093 3389 1144 eodem
3419 1093 3486 1144 ad
3515 1091 3647 1145 Frid.
3680 1093 3975 1162 Myconium
4006 1088 4174 1147 d.'14.
4197 1093 4326 1148 lunii

975 1168 1130 1218 1531.
1159 1163 1312 1216 datae
1342 1165 1417 1230 (in
1447 1164 1601 1215 huius
1633 1162 1787 1233 Corp.
1817 1164 1935 1216 Vol.
1966 1164 2025 1218 ll.
2059 1184 2107 1234 p.
2142 1169 2311 1231 506.):
2349 1164 2635 1232 „Apologia
2662 1183 2777 1215 mea
2806 1167 3063 1217 recuditur
3091 1182 3238 1224 nunc,
3270 1171 3321 1216 et
3352 1181 3449 1232 ego
3479 1164 3648 1217 locum
3677 1166 3742 1216 de
3772 1167 4131 1217 iustificatione
4161 1168 4326 1235 magia

969 1237 1122 1288 etiam
1151 1235 1408 1289 illustrare
1437 1253 1617 1298 conon
1648 1237 1899 1305 quaedam
1932 1240 2063 1288 enim
2095 1239 2143 1288 in
2183 1238 2526 1289 solutionibus
2557 1244 2959 1304 argumentorum
2988 1236 3110 1287 mihi
3141 1235 3487 1304 displicent«,
3519 1243 3670 1305 atque
3700 1237 3973 1290 affirmatur
4007 1239 4146 1290 initio
4176 1236 4331 1290 Prae-

967 1308 1175 1360 fationis
1205 1309 1272 1360 ad
1306 1307 1531 1360 lectores
1564 1309 1612 1360 in
1644 1309 1741 1360 hac
1768 1309 2009 1360 Editione
2038 1311 2118 1360 sic
2146 1316 2361 1363 mutato:
2398 1309 2574 1361 „Haec
2607 1307 2885 1361 Confessio
2915 1326 3127 1377 prorsus
3160 1309 3505 1375 ignorantibus
3546 1308 3868 1377 Principibus
3912 1313 3998 1378 qui
4045 1327 4157 1361 eam
4198 1308 4329 1362 Gae-

896 1400 913 1415 ·
966 1382 1071 1432 sari
1103 1379 1465 1444 exhibuerunt,
1496 1379 1560 1431 ab
1589 1397 1741 1432 auaro
1772 1380 1947 1449 aliquo
1989 1382 2334 1450 typographo,
2378 1388 2502 1453 aute
2547 1389 2787 1433 semestre
2829 1382 3087 1450 publicata
3123 1387 3252 1431 estu
3329 1378 3430 1430 Pro
3474 1386 3593 1430 ante
3630 1388 3869 1432 semestre
3906 1385 3956 1432 in
4006 1379 4331 1435 praefatione

967 1451 1228 1505 Editionie
1267 1452 1512 1520 principis
1542 1469 1696 1520 supra
1724 1469 1772 1520 p.
1808 1455 1908 1505 259
1941 1470 2019 1521 sq.
2053 1471 2239 1505 recusa
2267 1454 2476 1521 legitur:
2509 1460 2628 1504 ante
2658 1454 2793 1505 duos
2827 1470 3036 1505 memes.
3113 1453 3260 1504 Hanc
3288 1451 3495 1504 alteram
3525 1451 3871 1505 Melanthunis
3900 1453 4190 1505 Editionem
4220 1454 4331 1507 fere

965 1540 1147 1576 mense
1178 1524 1468 1592 Septembri
1501 1541 1624 1575 esse
1657 1524 1845 1576 finitam
1865 1527 1948 1590 ”),
1980 1525 2222 1593 colligere
2252 1526 2375 1577 licet
2403 1543 2468 1577 ex
2499 1525 2659 1576 hocce
2688 1526 2805 1577 loeo
2837 1525 3090 1593 epistolae
3119 1525 3184 1576 ab
3215 1541 3279 1575 eo
3309 1524 3375 1575 ad
3406 1524 3479 1579 lo.
3500 1523 3761 1575 Brentium
3794 1524 3844 1580 d.
3880 1529 3963 1576 30.
3987 1525 4133 1596 Sept.
4174 1530 4328 1581 1531.

966 1596 1190 1665 scriptae
1218 1594 1405 1666 (corp.
1432 1594 1491 1649 ΙΙ.
1521 1612 1572 1664 p.
1605 1599 1783 1664 5470:
1818 1594 1928 1649 „Tu
1960 1597 2214 1649 subtiliter
2245 1605 2298 1650 et
2325 1598 2500 1665 procul
2532 1614 2595 1650 ex
2624 1599 3082 1666 praedestinatione
3114 1596 3319 1665 colligis
3350 1595 3560 1648 cuilibet
3589 1613 3738 1648 suum
3767 1597 3975 1664 gradum
4006 1597 4331 1651 distributum

966 1684 1122 1726 esse,
1154 1675 1208 1720 et
1237 1674 1375 1720 recte
1402 1669 1737 1720 ratiocinaris.
1797 1667 1908 1719 Sed
1937 1685 2033 1736 ego
2063 1671 2112 1720 in
2144 1676 2252 1721 tota
2281 1669 2532 1738 Apologia
2561 1670 2666 1737 fugi
2697 1670 2835 1720 illam
2865 1669 3068 1737 longam
3110 1675 3160 1720 et
3199 1667 3603 1735 inexplicabilem
3645 1669 4037 1736 disputationem
4080 1669 4145 1720 de
4181 1685 4322 1739 prae·

964 1739 1322 1795 destinatione.
1395 1738 1604 1807 Ubique
1633 1741 1713 1791 sic
1740 1740 1949 1809 loquor,
1983 1742 2129 1809 quasi
2158 1743 2554 1810 praedestinatio
2585 1755 2830 1810 sequent
2859 1748 3078 1793 nostram
3112 1741 3259 1791 fidem
3291 1748 3344 1791 ot
3374 1757 3544 1808 opera.
3621 1741 3698 1791 Ac
3728 1740 3857 1792 facio
3890 1741 3989 1792 hoc
4030 1747 4168 1794 certo
4207 1758 4323 1794 con·

965 1810 1112 1864 silim
1140 1829 1240 1863 non
1271 1814 1403 1864 enim
1433 1812 1552 1863 volo
1585 1814 1928 1864 conscientias
1958 1813 2249 1881 perturbare
2280 1814 2386 1865 illis
2426 1814 2870 1881 inexplicabilibus
2918 1813 3239 1881 labyrinthis.
3314 1809 3435 1863 {deo
3468 1814 3538 1864 ita
3584 1814 3866 1874 constituo,
3906 1813 4143 1865 homines
4181 1829 4324 1865 acce·

962 1889 1084 1953 ptos
1114 1900 1239 1936 esse
1267 1889 1472 1952 propter
1501 1882 1794 1945 Christum,
1826 1884 1954 1945 fide,
1987 1884 2087 1936 hoc
2116 1893 2199 1937 est
2225 1893 2424 1944 autem,
2457 1903 2580 1937 esse
2613 1888 2793 1937 iustos.
2869 1885 3070 1936 Deinde
3115 1885 3315 1936 accedit
3359 1883 3496 1950 legis
3540 1879 3796 1952 impletio,
3846 1901 3979 1952 quae
4028 1884 4184 1938 habet
4228 1901 4325 1937 aua

964 1958 1206 2025 praemia.
1282 1954 1480 2009 lustitia
1509 1963 1707 2017 autem,
1738 1956 1838 2008 hoc
1880 1964 1963 2009 est
1999 1960 2280 2024 acceptatio
2320 1958 2475 2009 simul
2513 1958 2668 2009 hahet
2713 1960 2865 2011 vitam
2908 1964 3180 2018 aeternam,
3223 1973 3378 2025 quare
3423 1956 3550 2007 fides
3593 1956 3709 2007 sola
3748 1960 3993 2017 viviticat,
4037 1975 4149 2009 cum
4191 1957 4326 2025 paci-

964 2028 1083 2081 ficat
1110 2045 1211 2081 cor.
1245 2028 1375 2080 baec
1402 2035 1524 2081 sunt
1550 2027 1702 2098 plana
1731 2035 1784 2081 et
1811 2028 1981 2081 facilia
2009 2030 2297 2093 intellectu,
2345 2047 2477 2098 quae
2516 2037 2679 2081 utrum
2722 2031 2812 2081 tibi
2854 2031 3198 2090 satisfaciant,
3244 2027 3391 2079 velim
3432 2035 3486 2080 te
3531 2045 3680 2096 quam
3719 2030 3931 2096 primum
3975 2028 4097 2080 mihi
4136 2028 4324 2097 signifi-

965 2117 1133 2152 care-⁸
1207 2100 1289 2153 Ex
1317 2100 1433 2161 his,
1470 2113 1603 2168 quae
1631 2107 1864 2169 spectant
1894 2100 1958 2152 ad
1996 2103 2111 2154 eius
2143 2102 2209 2153 de
2241 2103 2597 2154 iustificatione
2629 2101 2843 2170 et'legis
2879 2102 3175 2171 impletione
3206 2102 3483 2152 doctrinam
3515 2102 3563 2151 in
3590 2100 3688 2151 hac
3717 2100 3958 2152 Editione
3986 2105 4322 2161 retractatam,

963 2174 1318 2295 eognolscitur‚
1350 2173 1481 2224 banc
1509 2172 1608 2225 Ed.
1640 2173 1789 2226 modo
1823 2190 1947 2225 esse
1985 2174 2197 2235 finitam,
2230 2176 2464 2241 quoniam
2495 2175 2561 2226 de
2603 2175 2695 2224 {sac
2737 2176 3088 2226 retractatione
3130 2181 3365 2241 tanquam
3408 2173 3476 2223 de
3518 2190 3572 2223 re
3608 2175 3891 2241 praesenti,
3941 2173 4093 2224 modo
4139 2179 4323 2241 pertra-

963 2250 1096 2297 ctata
1144 2246 1359 2311 oquitur.

1221 2336 1365 2389 Haec
1392 2336 1596 2401 Editio,
1625 2354 1758 2406 quae
1788 2337 1951 2390 solam
1984 2338 2379 2391 confessionem
2410 2339 2610 2391 latinam
2655 2358 2767 2391 cum
2806 2340 3062 2407 Apologia
3092 2340 3466 2407 complectitur,
3507 2340 3586 2389 sic
3618 2340 3860 2406 inscripta
3889 2345 3999 2389 estz

2184 2475 2292 2615 O
2337 2478 2459 2617 O
2499 2478 2636 2616 N
2676 2478 2791 2614 F
2834 2477 2954 2615 E
3007 2478 3127 2616 S

2183 2650 2379 2724 SIO
2466 2653 2814 2722 FIDEI
2891 2653 3095 2722 EX.

2181 2775 2536 2832 HIBITA
2582 2774 3106 2832 lNVlCTlSS.

2177 2876 2309 2948 Imp.
2349 2876 2554 2933 Garolo
2600 2876 2661 2931 V.
2692 2875 2937 2947 Caesari
2970 2877 3107 2950 Any.

2302 2972 2360 3025 ίπ
2398 2969 2650 3040 comiciis
2685 2969 2981 3043 Augustae.

2514 3071 2773 3127 ANNO

2417 3163 2860 3221 M.D.XXX.

2037 3450 2047 3461 ,
2153 3383 2354 3443 Addita
2399 3389 2479 3442 el't
2521 3385 2785 3462 Apologia
2834 3384 3151 3442 Gofel‘sionis

2451 3499 2649 3574 psalm,
2703 3500 2842 3557 119.

2211 3615 2284 3673 Et
2330 3613 2595 3694 loquebar
2639 3612 2706 3671 de
2750 3613 3074 3691 testimonijs

2232 3723 2340 3782 tuis
2386 3723 2440 3782 in
2489 3725 2776 3802 conspectu
2825 3724 3055 3800 Regum,

2236 3839 2291 3890 et
2314 3851 2424 3889 non
2450 3829 2840 3890 confundebar.

2243 4025 3045 4083 WITEBERGAE.

966 4169 1068 4224 Hic
1092 4169 1274 4225 titulus
1305 4173 1503 4224 cinctus
1533 4178 1618 4225 est
1665 4172 1840 4241 liguris
1888 4171 2027 4242 ligno
2063 4173 2270 4233 incisis,
2307 4174 2437 4225 inter
2478 4188 2610 4241 quas
2649 4173 2699 4224 in
2746 4172 3009 4240 superiore
3047 4177 3190 4240 parte
3226 4177 3379 4240 caput
3414 4170 3695 4223 laureatum
3735 4169 3912 4222 fronde
3954 4169 4238 4233 inclusum,
4273 4173 4326 4224 in

967 4242 1147 4297 dextra
1187 4249 1246 4297 bt
1290 4245 1498 4297 sinistra
1541 4250 1684 4313 parte
1720 4244 1926 4313 singula
1962 4249 2219 4306 columna,
2258 4252 2414 4313 atque
2454 4247 2505 4297 in
2535 4243 2770 4296 inferiore
2807 4250 2947 4313 parte
2976 4242 3078 4295 duo
3119 4243 3284 4311 capita
3324 4242 3525 4311 galeata
3552 4243 3693 4296 iuxta
3720 4259 3846 4295 sese
3874 4243 4048 4312 posita
4082 4249 4137 4297 et
4163 4244 4326 4298 tribu·

967 4315 1173 4368 circulis
1204 4317 1369 4369 cincta
1399 4317 1797 4384 conspiciuntur.

1129 4422 1138 4429 ·
1224 4408 1368 4463 Haec
1396 4408 1493 4463 Ed.
1533 4412 1758 4464 continet
1793 4412 1861 4464 28
1890 4410 2129 4480 plagulas
2160 4414 2222 4465 8ο
2249 4364 2458 4476 minori‘,
2490 4427 2700 4478 quarum
2731 4413 2801 4484 44
2836 4411 3060 4478 priores,
3098 4408 3280 4462 litteris
3310 4426 3445 4462 a—e
3485 4412 3579 4483 (eff,
3606 4407 3768 4478 plag.)
3807 4410 4059 4477 signatae,
4101 4411 4169 4463 36
4198 4407 4326 4462 folia

966 4498 1068 4533 non
1114 4488 1399 4545 numerata,
1447 4500 1659 4551 quorum
1707 4482 1939 4536 ultimum
1981 4482 2151 4537 album
2202 4491 2284 4537 est
2298 4522 2313 4544 ,
2363 4483 2749 4548 confessionem
2803 4481 3045 4541 latitm,
3094 4488 3298 4534 ceterae
3345 4485 3453 4556 234
3496 4481 3672 4553 plagg.
3718 4482 3904 4535 litteris
3956 4478 4107 4541 f—n,
4150 4478 4324 4544 A—(Q

1152 4721 1200 4780 ”)
1223 4726 1348 4773 iden
1375 4727 1516 4774 refert
1542 4728 1804 4774 Weberns
1831 4726 1860 4773 Ι.
1888 4725 1919 4771 1.
1948 4723 2005 4772 n.
2065 4758 2078 4772 .
2104 4724 2163 4773 tc
2189 4727 2258 4773 bis
2286 4726 2451 4771 verbis:
2483 4748 2561 4779 ,-
2596 4748 2651 4759 -
2681 4724 2725 4780 fo
2754 4725 2877 4783 mut,
2907 4726 3056 4771 nimmt
3084 4736 3182 4771 mon
3210 4723 3309 4783 cth
3338 4726 3416 4773 ben
3446 4723 3630 4784 [dunsten
3660 4723 3830 4770 zet-mm
3860 4736 3942 4781 aa,
3984 4724 4049 4770 bie
4080 4723 4325 4778 baulme

1223 4781 1456 4841 Uesuli&
1482 4781 1810 4841 neumaga&
1838 4779 1933 4837 ῦοῶ
1962 4737 2064 4842 neg
2088 4793 2167 4829 aot
2197 4780 2421 4841 moedi·
2450 4784 2559 4828 15³1
2593 4781 2814 4841 etftbteuen
2843 4782 2983 4838 ferm*

1293 4854 2009 4924 *memrot-xm
2954 4849 3029 4911 .‘
3643 4914 3654 4920 .
3929 4868 3984 4909 8²
