4966 5577
2439 1649 2519 1720 Β.

1186 1789 1794 1902 CONFESSIO
1840 1789 2447 1875 AUGUSTAN
2446 1790 2526 1872 A
2573 1790 3240 1875 GERMANICE
3285 1793 3775 1876 SCRIPTA.

1055 1980 1110 2034 ln
1140 1980 1528 2050 prolegomenis
1558 1998 1715 2050 supra
1743 1998 1794 2049 p.
1835 1983 2137 2036 201-214,
2167 1981 2469 2048 praemissis
2487 2019 2504 2042 ,
2529 1983 2580 2033 in
2617 1983 2808 2050 quibus
2840 1983 2906 2034 de
2935 1983 3154 2050 origine,
3185 2000 3463 2051 progressu
3494 1991 3648 2053 atque
3687 1985 4009 2037 confectione
4046 1989 4162 2039 utri-

794 2071 964 2122 usque
1001 2050 1360 2106 confessionis
1398 2055 1733 2122 Augustanae
1768 2054 2105 2121 scripsimus,
2148 2069 2248 2103 non
2275 2052 2444 2104 solum
2492 2054 2543 2105 in
2589 2053 2784 2116 latina,
2839 2055 2938 2106 sed
2981 2055 3134 2108 etiam
3184 2057 3232 2106 in
3269 2057 3571 2124 qen-manica
3610 2056 3938 2109 distinximus
3986 2059 4166 2110 varias

797 2127 913 2180 eius
941 2127 1164 2194 formas,
1197 2144 1405 2196 nempe:
1442 2130 1489 2180 1.
1514 2128 1741 2195 primam
1778 2125 2246 2184 adumbrationem,
2280 2126 2327 2176 2.
2358 2125 2564 2189 fortnas
2597 2126 2961 2186 intermediae,
2993 2133 3045 2180 et
3075 2130 3125 2179 3.
3158 2128 3381 2192 formam
3410 2129 3683 2196 integrm.

1550 2375 1646 2430 De
1693 2370 2070 2431 Codicibus
2114 2372 2232 2430 has
2277 2372 2503 2430 varias
2557 2371 2810 2431 formas
2855 2371 3405 2432 continentibus.

1053 2518 1136 2571 De
1173 2520 1257 2571 his
1294 2520 1343 2570 in
1382 2519 1673 2571 universum
1708 2519 1888 2570 eadem
1923 2518 2111 2580 valent,
2149 2535 2282 2587 quae
2319 2535 2477 2586 supra
2509 2534 2560 2586 p.
2593 2520 2695 2570 213
2734 2534 2812 2585 sq.
2832 2517 2899 2568 de
2927 2514 3209 2570 Codicibus
3228 2518 3415 2571 latinae
3444 2515 3815 2572 confessionis
3843 2522 4163 2590 praemonui-

791 2606 928 2643 mus.
1002 2589 1134 2642 Nam
1185 2593 1334 2642 etiam
1369 2593 1697 2658 yar-manicae
1738 2589 2095 2656 confessionis
2126 2592 2303 2658 prima
2339 2589 2695 2649 adwnbratr'o,
2726 2605 2909 2656 nempe
2947 2605 3035 2649 ea,
3087 2605 3219 2656 quae
3275 2606 3306 2641 a
3352 2588 3684 2642 Melanthone
3727 2593 3940 2660 primum
3977 2595 4170 2661 scripta

791 2668 951 2731 atque
988 2661 1214 2714 Electori
1249 2665 1439 2715 Saxon.
1477 2662 1655 2729 (simul
1694 2680 1808 2715 cum
1843 2662 2022 2729 latina)
2063 2661 2266 2723 oblata,
2299 2669 2353 2714 et
2389 2661 2454 2714 ab
2492 2660 2592 2712 hoc
2621 2659 2685 2710 ad
2722 2658 3003 2712 Lutberum
3035 2655 3262 2728 Cohurgi
3299 2666 3587 2713 versantem
3625 2662 3673 2713 d.
3720 2667 3803 2717 11.
3842 2664 3967 2715 Maii
4006 2665 4170 2716 missa

711 2742 715 2751 ‘
795 2740 908 2796 est,
950 2736 1036 2802 qui
1066 2752 1179 2786 eam
1215 2734 1399 2786 lectam
1443 2736 1872 2802 approbatamque
1910 2734 1977 2786 ad
2019 2732 2163 2786 illum
2200 2734 2250 2785 d.
2287 2737 2369 2786 15.
2408 2733 2533 2784 Maii
2570 2732 2766 2783 remisit
2782 2731 2866 2797 ⁴¹),
2904 2731 3175 2799 hucusque
3210 2750 3310 2785 non
3330 2740 3415 2785 est
3449 2739 3661 2800 reperta.
3740 2735 3961 2788 Formae
3997 2741 4169 2788 autem

793 2806 1137 2859 intermediae
1180 2806 1348 2857 adhuc
1383 2808 1433 2857 in
1469 2806 1703 2873 pluribus
1743 2804 2029 2859 Codicibus
2056 2811 2284 2867 exstant,
2323 2821 2454 2872 quos
2494 2821 2626 2855 nunc
2662 2804 3064 2856 recensebimus.

1643 2982 1687 3029 1.
1763 2976 1949 3032 Cede-1:
1997 2974 2373 3032 Wimarzensis
2408 2982 2454 3032 1.
2532 2975 2900 3044 (Spalatini
2937 2974 3325 3044 apographum).

1057 3113 1172 3165 Hoc
1209 3112 1555 3181 apographum
1592 3115 1910 3181 germanicae
1966 3109 2357 3172 confessionis,
2415 3112 2553 3179 quod
2607 3111 2996 3181 Spoletinus
3048 3129 3200 3163 manu
3243 3127 3340 3163 sua
3389 3112 3640 3173 exaravit,
3699 3120 3992 3166 asservatur
4040 3115 4171 3166 inter

802 3186 938 3238 Acta
973 3181 1307 3237 comitiorum
1344 3201 1393 3237 a.
1436 3188 1592 3239 1530.
1630 3186 1680 3236 in
1711 3185 1959 3237 tabulario
1997 3186 2249 3237 communi
2285 3185 2617 3237 Wimariensi
2654 3182 2787 3252 Ray.
2826 3182 2893 3238 E.
2930 3182 3045 3237 Fol.
3088 3188 3171 3237 37.
3201 3182 3299 3235 Nr.
3335 3186 3400 3244 1.,
3425 3183 3580 3252 -quod
3607 3184 3846 3237 volumen
3874 3187 4173 3252 inscriptum

802 3263 912 3310 est:
957 3258 1235 3325 „metantem
1270 3274 1348 3326 gut
1378 3258 1652 3325 ’lingiburgt
1685 3260 1870 3311 1530.‘⁸
1907 3256 1997 3310 fol.
2038 3259 2264 3311 32-62,
2337 3255 2490 3307 Hunc
2525 3252 2770 3307 Codicem
2809 3256 3190 3324 descripserunt
3224 3254 3541 3307 Weberus
3571 3255 3607 3308 l.
3646 3255 3680 3307 l.
3717 3254 3755 3307 1.
3791 3261 4171 3324 p.-168-174.

802 3336 858 3382 et
894 3331 1178 3382 accuratius
1215 3329 1548 3381 Foerstem
1562 3346 1766 3380 annus
1804 3330 1853 3380 in
1892 3326 1928 3384 l.
1968 3332 2319 3393 Uttunbenbud)
2353 3346 2407 3397 gu
2436 3331 2483 3382 b.
2516 3331 2671 3392 Θυῖα).
2701 3337 2745 3382 b.
2776 3330 2980 3392 ffleidysst.
3015 3346 3068 3397 gu
3097 3329 3284 3394 Ἦυςῦὓ.
3321 3330 3473 3379 1530.
3505 3326 3566 3382 Τ.
3605 3325 3641 3378 1.
3676 3345 3725 3396 p.
3759 3331 4082 3389 310-312.,
4120 3336 4175 3382 et

800 3416 853 3470 p.
894 3404 1001 3454 312
1039 3407 1162 3456 extr.
1202 3431 1270 3439 —
1312 3405 1430 3453 343.
1470 3402 1636 3470 ipsum
1676 3399 1923 3452 Codicem
1958 3401 2302 3452 recudendum
2332 3401 2538 3452 curavit.
2561 3400 2649 3465 *·)
2697 3397 2938 3452 Continet
2965 3405 3073 3451 tres
3109 3398 3390 3452 fasciculos
3428 3398 3621 3450 formae
3658 3401 3922 3452 maximae.
3981 3399 4176 3453 Horum

719 3506 727 3511 -
800 3474 994 3542 primus
1031 3472 1156 3525 folia
1186 3475 1414 3525 32-43.
1455 3472 1820 3542 complectitur,
1860 3490 2070 3540 quorum
2109 3472 2338 3525 ultimum
2378 3476 2459 3526 43.
2501 3470 2758 3538 singulum
2806 3487 2920 3522 cum
2968 3473 3127 3538 primo
3174 3471 3296 3522 folio
3348 3470 3747 3538 conglutinatum
3792 3473 4039 3523 tenuioris
4089 3479 4176 3527 est

803 3545 1023 3597 chartae.
1059 3545 1158 3596 His
1194 3544 1334 3596 foliis
1372 3546 1604 3598 adiacent
1641 3546 1744 3599 duo
1783 3543 1896 3611 (sol.
1938 3549 2021 3596 44.
2055 3548 2166 3610 45.)
2205 3543 2439 3596 eiusdem
2474 3545 2724 3595 tenuioris
2762 3543 2992 3594 chartae.
3067 3544 3212 3596 Haec
3239 3544 3336 3595 tria
3370 3542 3495 3595 solia
3528 3544 3759 3596 tenuiora
3797 3544 4062 3597 articulum
4108 3545 4176 3597 de

805 3616 907 3668 fide
943 3623 998 3668 et
1031 3618 1183 3668 bonis
1222 3617 1489 3685 operibus,
1529 3619 1616 3684 qui
1668 3616 1754 3668 fol.
1796 3619 1879 3668 42.
1913 3616 2129 3675 orditur,
2179 3633 2342 3684 paene
2378 3616 2628 3683 integrum
2675 3616 2948 3667 continent.
2964 3617 3089 3681 Μ’.)
3162 3615 3436 3667 Secundus
3494 3615 3775 3668 fasciculus
3826 3616 4176 3686 complectitur

802 3687 931 3739 folia
960 3692 1191 3748 46—55‚
1230 3690 1411 3740 tertius
1450 3689 1571 3741 folia
1620 3692 1880 3748 56—63.,
1931 3705 2144 3755 quorum
2190 3687 2424 3739 ultimum
2484 3693 2645 3738 vacat.
2708 3686 2834 3750 'Hoc
2889 3689 3018 3738 enim
3065 3687 3430 3756 Apographum
3480 3688 3810 3756 Spalatini
3870 3690 4037 3741 finitur
4082 3689 4171 3744 sol.

807 3762 899 3813 62¹²
938 3762 1100 3828 prima
1136 3761 1288 3818 linea,
1329 3778 1424 3812 nec
1455 3763 1698 3828 integram
1736 3758 2132 3813 Confessionem
2171 3761 2410 3819 continet,
2442 3759 2538 3811 sed
2578 3775 2760 3811 versus
2797 3760 3020 3810 medium
3049 3759 3314 3827 penultimi
3350 3758 3574 3820 articuli,
3625 3764 3711 3828 qui
3749 3762 4024 3828 inscriptus
4064 3766 4171 3815 est:

804 3833 920 3887 {Bra
953 3834 1128 3896 OEloster
1168 3835 1413 3899 getubben,
1450 3834 1646 3884 verbis:
1692 3834 1834 3898 „QBit
1864 3836 2019 3886 meilen
2050 3837 2114 3886 tm
2145 3836 2218 3886 ein
2248 3833 2477 3899 gebutffen
2507 3837 2706 3894 matben,
2737 3835 2815 3884 bet
2845 3834 2948 3886 bmb
2979 3832 3080 3898 30¹¹
3111 3836 3230 3897 feast
3274 3833 3450 3884 nescio
3490 3848 3641 3899 quam
3689 3833 3755 3883 ob
3795 3848 4031 3893 cansam,
4087 3833 4175 3884 ah·

804 3910 1005 3971 mptum
1043 3911 1151 3964 est;
1192 3904 1380 3956 desunt
1417 3906 1567 3973 igitur
1602 3904 1710 3955 fere
1747 3903 1952 3956 dimidia
1980 3921 2099 3972 pars
2137 3904 2291 3956 huius
2326 3902 2538 3973 articuli,
2575 3909 2630 3956 et
2666 3903 2862 3970 integer
2897 3903 3109 3955 ultimus
3154 3905 3301 3969 ‚finon
3333 3909 3410 3958 ber
3450 3907 3706 3973 {Bifcboffen
3751 3908 3981 3971 gemant.¹⁴
4018 3910 4174 3971 atque

803 3973 1083 4044 Epilogus:
1129 3978 1408 4041 „Quintum”
1444 3995 1558 4028 cum
1595 3977 1883 4028 nominibus
1914 3977 2240 4044 subscriptis,
2278 3983 2542 4043 praeterea
2569 3976 2722 4028 etiam
2757 3973 3009 4030 Praefatio
3047 3976 3114 4027 ad
3144 3970 3421 4028 Caesarem
3455 3977 3504 4026 in
3545 3976 3644 4027 hoc
3681 3973 3876 4028 Codice
3915 3976 4174 4029 desidera-

802 4052 901 4100 tur.
934 4078 999 4088 —
1038 4046 1248 4099 Numeri
1285 4048 1517 4100 soliorum
1553 4066 1653 4100 non
1683 4066 1716 4100 a
1749 4050 1934 4117 prima,
1966 4047 2066 4100 sed
2100 4049 2164 4100 ab
2193 4049 2297 4101 alia
2331 4049 2511 4100 seriori
2542 4064 2694 4100 manu
2722 4046 2968 4116 adscripti
3004 4054 3143 4100 sunt.
3201 4047 3313 4099 Fol.
3349 4051 3431 4099 32.
3455 4047 3611 4100 habet
3650 4047 3840 4100 hancce
3880 4050 4167 4118 inscriptio·

799 4134 916 4169 nem
946 4120 1012 4171 ab
1047 4120 1148 4172 alia
1177 4137 1326 4172 manu
1356 4122 1585 4173 eiusdem
1624 4123 1868 4188 temporis
1908 4127 2184 4173 exaratam:

1149 4209 1386 4281 „Quidni
1416 4211 1495 4261 bet
1527 4210 1774 4262 &tuumne
1806 4211 1893 4261 bnb
1925 4210 2109 4271 §seriem
2138 4208 2217 4261 bet
2247 4207 2507 4272 &mitigeri
2537 4187 2763 4262 minden.
2804 4247 2815 4258 .
2850 4205 2860 4278 Ι
2893 4209 2938 4254 .”

797 4295 1033 4366 Singulis
1072 4300 1190 4351 fidei
1228 4299 1456 4352 articulis
1494 4302 1714 4362 numeri,
1747 4303 1831 4368 qui
1870 4302 2054 4353 arabici
2088 4302 2419 4360 nominantur,
2457 4302 2506 4351 in
2544 4301 2706 4368 prima
2742 4300 2999 4368 cuiusque
3029 4299 3167 4351 linea
3194 4298 3400 4368 praefixi
3437 4307 3572 4354 sunt.

985 4513 1029 4572 ⁶)
1062 4518 1182 4563 cont.
1212 4528 1321 4573 quae
1352 4526 1485 4570 supra
1514 4527 1554 4569 p.
1586 4516 1669 4557 207
1700 4527 1763 4570 sq.
1793 4517 1848 4560 de
1878 4518 1959 4560 hac
1988 4526 2037 4560 re
2069 4516 2274 4562 diximus.

956 4592 1026 4652 ‘’)
1057 4598 1303 4708 {gigonlrffih
1306 4598 1441 4699 &giu-15,
1464 4595 1639 4706 ἓξὲξ.
1662 4595 1853 4707 51¹3be
1881 4595 2173 4651 cyprianus
2202 4596 2233 4641 l.
2259 4596 2289 4639 l.
2316 4595 2362 4640 in
2389 4594 2632 4649 Appendlee
2662 4596 2731 4641 Νι.
2762 4594 2866 4639 xn.
2904 4605 2948 4649 p.
2984 4593 3065 4638 167
3097 4605 3181 4650 sq.‚
3213 4605 3342 4649 quam
3371 4595 3542 4650 repetiit
3570 4596 3849 4642 walchius
3878 4595 3923 4639 in
3951 4605 4035 4641 sua
4064 4595 4172 4642 Edit-

938 4729 1031 4787 m)
1062 4733 1149 4778 Hoc
1178 4744 1276 4778 eam
1304 4733 1360 4778 ob
1393 4742 1569 4778 causam
1600 4732 1809 4776 adnotatu
1838 4731 2014 4784 dignum
2045 4734 2137 4787 est,
2168 4732 2285 4787 qnod
2315 4731 2571 4778 Weberus
2602 4732 2775 4788 iudicat,
2804 4733 2920 4779 hunc
2945 4733 3175 4779 articulum
3210 4733 3352 4779 serius
3382 4742 3484 4778 esse
3515 4732 3736 4785 scriptum.

1144 4832 1391 4869 nannum.
1415 4830 1553 4866 orna.
1575 4829 1837 4864 vohun.
2474 4812 2477 4814 ’
2946 4819 2950 4821 ’
3018 4875 3021 4878 Δ
3549 4850 3551 4852 .
3763 4815 3819 4856 27
