4966 5577
791 597 901 653 28⁷

793 753 961 821 ferre,
989 758 1078 819 ⁷²)
1126 755 1256 826 quia
1282 753 1656 807 conscientiae
1678 768 1790 804 non
1824 763 2059 819 possunt
2091 749 2245 803 reddi
2283 757 2426 802 tran·

795 824 1001 899 quillae
1028 843 1127 898 per
1160 823 1269 879 vlla
1300 840 1492 894 opera,
1517 825 1605 884 78)
1643 822 1745 876 sed
1778 829 1987 876 tantum
2013 823 2102 885 ⁷⁴)
2139 818 2268 889 fide,
2303 837 2428 874 cum

795 912 950 954 certo
988 907 1264 962 statuunt,
1301 896 1453 968 quod
1492 905 1719 966 propter
1755 893 2037 948 Christum
2073 892 2315 947 habeant
2338 894 2428 957 ⁷⁵)

792 968 1071 1042 placatum
1105 967 1301 1023 Deum.
1328 969 1422 1039 78)
1499 966 1971 1030 Quemadmodum
2009 963 2216 1019 Paulus
2263 965 2430 1019 docet

794 1042 953 1097 Rom.
992 1058 1047 1095 v,
1079 1038 1363 1095 iustificati
1396 1057 1498 1111 per
1526 1039 1710 1105 fldem,
1747 1055 1941 1108 pacem
1975 1034 2244 1092 habemus
2279 1035 2430 1106 apud

794 1113 993 1168 Deum.
1066 1111 1208 1166 Tota
1237 1113 1380 1167 haec
1411 1113 1684 1176 doctrina,
1719 1110 1792 1164 ad
1821 1107 1959 1164 illud
1992 1118 2274 1164 certamen
2303 1126 2429 1179 per-

795 1184 1125 1240 terrefactae
1162 1184 1539 1239 conscientiae
1568 1180 1865 1237 referenda
1898 1191 2004 1247 est,
2039 1197 2148 1235 nec
2182 1181 2304 1235 sine
2332 1178 2428 1235 illo

797 1257 1097 1311 certamine
1131 1254 1363 1328 intelligi
1402 1265 1600 1327 potest.
1676 1253 1862 1315 Quare
1899 1250 2041 1306 male
2076 1253 2321 1318 iudicant
2358 1254 2429 1307 de

794 1345 863 1385 ea
899 1346 961 1384 re
989 1330 1080 1398 77)
1135 1328 1388 1381 homines
1414 1330 1504 1399 78)
1561 1325 1828 1395 imperiti,
1882 1335 1937 1378 et
1979 1323 2281 1396 prophani,
2335 1324 2427 1395 qui

795 1399 1165 1455 Christianam
1231 1399 1507 1455 iusticiam
1574 1396 1708 1451 nihil
1763 1414 1894 1451 esse
1956 1397 2261 1461 somniant‚
2323 1396 2430 1450 nisi

797 1472 1013 1529 ciuilem
1052 1481 1108 1526 et
1133 1474 1221 1537 ⁷⁹)
1257 1468 1698 1542 philosophicam
1734 1469 2026 1523 iusticiam.

938 1543 1088 1599 Olim
1117 1545 1466 1598 vexabantur
1496 1542 1871 1608 conscientiae
1895 1544 1982 1605 88)
2019 1541 2269 1595 doctrina
2298 1555 2430 1610 ope·

795 1634 948 1681 rum,
1000 1632 1113 1670 non
1168 1615 1467 1670 audiebant
1516 1632 1587 1668 ex
1622 1611 1930 1684 Euangelio
1969 1609 2429 1676 consolationem,

796 1687 1081 1749 Quosdam
1138 1687 1479 1741 conscientia
1524 1683 1735 1756 expulit
1758 1686 1851 1755 81)
1909 1686 1965 1738 in
2011 1685 2322 1749 desertum,
2375 1684 2430 1737 in

792 1758 1168 1825 Monasteria,
1205 1768 1495 1829 sperantes
1532 1759 1605 1812 ibi
1643 1774 1708 1810 se
1730 1757 1824 1829 ⁸²)
1864 1757 2099 1828 gratiam
2138 1754 2431 1810 merituros

796 1847 925 1886 esse
947 1833 1034 1900 88)
1092 1847 1196 1900 per
1231 1830 1398 1883 vitam
1449 1829 1842 1894 monasticam,
1898 1825 2009 1900 Alij
2057 1825 2164 1881 alia
2209 1827 2433 1899 excogi-

797 1910 1056 1958 taucrunt
1093 1919 1291 1973 opera,
1338 1903 1411 1956 ad
1445 1901 1871 1973 promerendam
1909 1900 2154 1972 gratiam·
2178 1907 2234 1952 et
2270 1901 2431 1953 satis-

793 1974 1107 2030 faciendum
1139 1990 1243 2045 pro
1272 1975 1533 2045 peccatis
1601 1972 1733 2027 ldeo
1763 1989 2102 2045 magnopere
2130 1970 2234 2026 fuit
2269 1987 2431 2042 opuS,

794 2045 944 2101 hanc
985 2046 1291 2101 doctrinam
1312 2046 1405 2116 ⁸⁴)
1442 2046 1512 2100 de
1547 2043 1657 2100 fide
1691 2045 1747 2098 iu
1785 2044 2064 2116 Christum
2102 2044 2339 2110 tradere,
2376 2051 2433 2097 et

796 2134 1097 2184 renouare,
1118 2120 1209 2183 ⁸⁵)
1262 2135 1334 2171 ne
1382 2118 1604 2171 deesset
1656 2115 1968 2171 consolatio
2025 2115 2241 2187 pauidis
2296 2131 2430 2170 con-

796 2190 1074 2261 scientiJS,
1128 2190 1232 2243 sed
1287 2190 1497 2244 scirent
1529 2189 1641 2243 fide
1688 2190 1746 2242 in
1783 2188 2065 2243 Christum
2085 2189 2175 2250 88)
2233 2203 2430 2257 appre-

794 2260 959 2316 hendi
996 2261 1231 2334 gratiam
1277 2270 1331 2315 et
1367 2261 1749 2316 remissionem
1783 2270 2142 2331 peccatorum
2189 2269 2244 2313 et
2279 2259 2433 2313 iusti-

794 2331 1123 2389 ficationem.
1144 2335 1241 2402 87)

719 2469 730 2476 ,
941 2402 1324 2460 Admonentur
1362 2404 1529 2458 etiam
1552 2405 1641 2471 88)
1677 2403 1957 2470 homines,
2011 2402 2161 2475 quod
2198 2401 2288 2456 hic
2334 2419 2433 2456 no·

797 2494 923 2531 men
962 2475 1093 2530 fidei
1126 2492 1238 2531 non
1277 2475 1667 2548 significetssv)
1721 2485 1932 2531 tantum
1979 2472 2244 2528 historiae
2296 2474 2434 2529 noti·

800 2550 964 2609 ciam,
1017 2545 1200 2619 qualis
1256 2561 1339 2601 est
1376 2549 1432 2601 in
1462 2548 1644 2619 impijs
1667 2551 1756 2611 88)
1815 2556 1870 2601 et
1912 2544 2155 2611 diabolo,
2179 2548 2273 2615 81)
2330 2545 2434 2600 sed

797 2618 1072 2692 significet
1109 2618 1276 2674 fidem
1312 2636 1456 2691 quac
1495 2620 1669 2674 credit
1713 2635 1825 2674 non
1879 2626 2089 2674 tantum
2115 2620 2204 2684 ⁹²)
2258 2616 2433 2671 histo·

798 2849 878 2904 72)
908 2848 1083 2903 afferre]
1113 2848 1250 2892 Rae:
1282 2849 1467 2892 aufferre

797 2921 876 2976 ’13)
902 2933 980 2976 per
1010 2923 1096 2964 vlla
1126 2921 1277 2976 opera]
1305 2922 1494 2964 Fabr.:
1525 2934 1603 2976 per
1634 2922 1722 2964 vlla
1751 2923 1869 2964 bona
1898 2933 2032 2976 opera

799 2991 878 3047 74)
908 2992 1091 3047 tantum]
1122 2992 1298 3036 Dess.:
1329 2999 1478 3036 tamen

799 3063 878 3119 75)
908 3063 1117 3120 babeant]
1148 3062 1330 3107 Faba:
1360 3064 1525 3107 babent

801 3134 879 3189 ⁷6)
909 3133 1100 3177 habeant
1127 3136 1345 3190 placatum
1374 3133 1554 3195 Deum]
1583 3135 1723 3180 Rutu:
1753 3137 1973 3191 placatum
2001 3136 2144 3178 Deum
2173 3135 2374 3178 habeant.

801 3206 881 3261 77)
910 3207 1108 3248 iudicant
1137 3207 1190 3247 de
1220 3219 1274 3248 es
1303 3208 1371 3261 re]
1400 3208 1552 3252 Non:
1594 3209 1792 3255 indicant
1821 3219 1875 3250 ea
1904 3207 1958 3248 de
1988 3221 2036 3249 re
2064 3206 2204 3259 Rae,
2245 3207 2432 3250 Wirc.:

915 3264 970 3304 de
1000 3276 1053 3305 ea
1079 3265 1277 3307 iudicant
1602 3261 1605 3270 '

798 3336 877 3391 ’18)
907 3336 1128 3391 homines]
1156 3337 1311 3380 Febr.
1343 3338 1508 3380 omittit.

797 3408 876 3463 79)
907 3407 968 3464 et]
999 3408 1191 3451 wire-z
1222 3421 1302 3450 seu

797 3480 877 3534 80)
910 3481 1178 3579 ζοκαδαιιιω·
1206 3479 1512 3537 conscientiae]
1549 3479 1687 3531 Rae,
1733 3481 1922 3524 Wirc.:
1970 3481 2263 3523 conscientiae
2304 3491 2433 3523 vexa·

942 3545 1072 3581 antur

798 3610 876 3662 81)
907 3610 1088 3665 expulit]
1122 3610 1271 3653 Cass,
1303 3611 1343 3653 1.
1376 3610 1503 3653 male:
1533 3610 1727 3664 expuliet

798 3681 878 3736 82)
910 3682 970 3723 ibi
1000 3681 1066 3736 se]
1101 3681 1249 3724 Cass.
1281 3683 1338 3733 1.,
1366 3682 1542 3727 Faba:
1573 3694 1620 3725 se
1649 3682 1712 3725 ibi
1755 3680 1873 3725 Rae.
1903 3682 2030 3724 aab:
2061 3682 2121 3724 ibi
2148 3693 2224 3737 spe

798 3753 878 3808 33)
910 3751 1021 3810 esse]
1051 3753 1206 3796 Fabr.
1245 3753 1410 3797 omittit.

798 3825 878 3880 84)
909 3825 1024 3867 hanc
1056 3823 1314 3883 doctrinam]
1344 3826 1523 3869 Faba:
1556 3826 1799 3868 doctrinam
1826 3827 1938 3869 hanc

798 3895 878 3950 85)
907 3897 1138 3953 renouare]
1171 3897 1266 3939 Ed.
1297 3904 1423 3940 snt.:
1453 3908 1664 3941 reuocare

799 3967 877 4023 86)
906 3969 993 4010 fide
1023 3970 1071 4011 in
1102 3967 1338 4027 Christum]
1367 3970 1463 4013 Ed.
1493 3982 1559 4013 an
1572 3977 1629 4014 t.:
1666 3969 1798 4013 fidem
1826 3969 2047 4013 Christum

799 4039 878 4094 87)
912 4046 956 4080 et
1010 4042 1363 4083 iustificationem
1441 4041 1594 4086 Cass.
1659 4043 1722 4094 1.,
1779 4042 1958 4095 Dens„
2019 4042 2238 4095 Dresd.,
2298 4041 2438 4094 Not„

915 4096 1136 4151 Onold.,
1169 4100 1338 4154 Wim.,
1415 4105 1505 4152 at.²
1535 4098 1725 4152 wire„
1764 4098 1858 4142 Ed.
1890 4104 2019 4153 ant„
2047 4099 2205 4143 Febr.
2235 4100 2438 4141 emittm.

799 4167 878 4222 88)
907 4169 1057 4223 etiam]
1087 4171 1238 4213 Cass.
1272 4172 1313 4215 1.
1342 4172 1389 4213 in
1416 4172 1609 4227 mar-qino
1637 4168 1772 4215 habet.

800 4239 880 4295 89)
909 4240 1140 4300 significet]
1182 4247 1355 4300 utroque
1392 4243 1480 4287 loco
1520 4242 1664 4289 Cass.
1695 4244 1760 4296 1.,
1803 4244 1985 4295 Dese„
2028 4242 2253 4297 Dresd„
2294 4242 2442 4296 Nor„

912 4296 1141 4409 ggnpfllsst,
1173 4297 1351 4352 Wim.‚
1383 4301 1524 4353 Ram,
1553 4301 1746 4355 Wirc„
1774 4301 1870 4344 Ed.
1899 4308 2034 4355 anm,
2079 4302 2238 4346 Febr.
2268 4298 2438 4344 bahem:

800 4427 881 4479 90)
907 4429 954 4469 in
982 4426 1145 4499 impijs]
1189 4442 1236 4472 ut
1281 4428 1527 4498 quibusdam
1569 4428 1689 4474 liuius
1721 4430 1807 4474 Ed.
1853 4431 2059 4486 principis
2096 4430 2203 4474 Mel.
2249 4430 2443 4499 amplis

917 4486 1090 4541 loquar:
1122 4487 1409 4588 ml’ffi.(¹'¹d⁰
1437 4500 1543 4556 quae
1560 4501 1689 4558 snpra
1708 4503 1757 4545 p.
1775 4488 1859 4531 25⁷
1888 4503 1951 4545 eq.
1985 4488 2037 4533 de
2062 4491 2198 4533 ear-iis
2223 4488 2443 4544 qma-:buu

913 4544 1195 4645 ζῗξῖιὲἲαῗὲ
1225 4543 1452 4659 ἰωιὲἶῇεΕᾰ.
1482 4543 1682 4598 dunum)
1711 4547 1857 4591 Casu.
1891 4548 1956 4599 1.,
1986 4546 2144 4599 Nor„
2179 4545 2320 4599 nn,
2348 4546 2441 4589 Ed.

798 4672 880 4727 91)
906 4680 953 4716 et
981 4671 1175 4733 diaholo]
1202 4673 1361 4728 Nor„
1392 4675 1584 4719 wiron
1614 4680 1660 4717 et
1686 4677 1734 4719 tn
1763 4675 1941 4720 diaholo

801 4751 883 4806 92)
912 4749 1258 4811 tuntum18at„
1288 4754 1481 4799 wiron
1511 4753 1653 4797 nolum
1771 4776 1782 4780 -

1548 591 1736 649 PmL.
1777 589 1948 646 MEL.
1984 588 2299 647 SCRIPTA
2333 588 2784 645 DOGMATICA
2820 588 2915 644 ET
2951 587 3405 644 SYMBOLICA.

4045 588 4159 647 288

2516 750 2672 814 riam,
2701 749 2805 803 sed
2834 748 2997 801 etiam
3016 744 3270 799 effectum
3289 744 3577 813 historiae,
3611 744 3866 802 videlicet
3894 748 4043 805 hunc
4061 755 4156 819 ⁹⁸)

2517 818 2830 884 articulum,
2870 818 3272 873 Remissionem
3303 828 3679 889 peccatorum,
3717 821 3867 890 quod
3897 819 4157 879 videlicet

2514 909 2617 963 per
2653 891 2932 946 Christum
2981 891 3280 945 habeamus
3326 890 3591 961 gratiam,
3648 891 3920 948 iusticiam
3957 905 4014 949 et
4067 913 4158 951 re·

2515 964 2834 1019 missionem
2869 971 3247 1033 peccatorum.
3271 963 3360 1026 ⁹⁴)

2658 1063 2770 1117 Iam
2794 1065 2886 1135 ⁹⁵)
2945 1063 3038 1134 qui
3061 1063 3153 1132 ⁹⁶)
3209 1064 3314 1116 scit
3369 1078 3434 1116 se
3477 1079 3577 1134 per
3614 1062 3896 1119 Christum
3940 1067 4154 1125 habere

2512 1136 2808 1207 propitium
2830 1138 2920 1200 87)
2959 1144 3201 1205 patrem,
3244 1134 3294 1187 is
3330 1151 3465 1189 vere
3501 1135 3656 1190 nouit
3691 1135 3894 1203 Deum,
3916 1142 4005 1202 ⁹⁸)
4042 1141 4157 1197 scit

2514 1224 2578 1262 se
2615 1209 2665 1261 ei
2704 1223 2873 1261 curae
2908 1223 3068 1270 esse,
3114 1207 3340 1260 inuocat
3375 1223 3533 1261 eum:
3596 1206 3870 1279 Denique,
3894 1212 3985 1276 88)
4040 1229 4158 1268 non

2514 1288 2603 1335 est
2640 1280 2763 1332 sine
2799 1279 2923 1333 Deo
2972 1279 3117 1332 sicut
3154 1278 3384 1333 Gentes.
3457 1277 3599 1332 Nam
3645 1278 3847 1334 diaboli
3900 1282 3955 1335 et
4000 1284 4073 1338 im
4117 1284 4156 1357 tj

2512 1367 2625 1405 non
2661 1360 2902 1421 possunt
2937 1349 3085 1404 hunc
3118 1353 3241 1416 188)
3286 1349 3577 1405 articulum
3620 1353 3882 1418 credere,
3938 1303 4158 1410 Reml’s-

2514 1424 2731 1477 sionem
2777 1431 3151 1494 peccatorum.
3237 1422 3367 1475 Ideo
3405 1421 3588 1476 Deum
3632 1434 3892 1495 tanquam
3934 1424 4160 1484 hostem

2514 1495 2780 1560 oderunt,
2839 1511 2951 1547 non
2997 1496 3258 1548 inuocant
3308 1511 3462 1559 eum,
3520 1494 3652 1549 nihil
3681 1497 3735 1565 1)
3795 1496 3925 1550 boni
3970 1500 4043 1554 ab
4086 1516 4156 1555 eo

2514 1575 2828 1638 expectant.
2926 1567 3270 1637 Augustinus
3327 1568 3492 1620 etiam
3549 1569 3620 1621 de
3674 1566 3802 1621 fidei
3857 1571 4079 1626 nomine
4101 1574 4157 1640 ²)

2514 1639 2625 1693 hoc
2660 1637 2825 1692 modo
2864 1639 3125 1692 admonet
3157 1635 3445 1703 lectorem,
3484 1648 3538 1692 et
3577 1640 3742 1693 docet
3777 1641 3835 1692 in
3864 1642 4157 1713 scripturis

2515 1728 2717 1765 nomen
2755 1709 2883 1763 fidei
2920 1710 3128 1780 accipi,
3184 1728 3296 1765 non
3332 1727 3435 1781 pro
3470 1712 3701 1776 noticia,
3750 1709 3933 1783 qualis
3970 1724 4060 1770 est
4097 1717 4156 1770 in

2514 1783 2718 1854 impiJS‚
2743 1784 2795 1843 ³)
2853 1781 2956 1835 sed
3002 1799 3103 1852 pro
3154 1782 3355 1836 fiducia
3391 1799 3535 1852 quae
3570 1782 3895 1840 consolatur
3950 1796 4006 1840 et
4048 1789 4157 1842 eri-

2515 1856 2595 1927 git
2619 1858 2671 1918 ⁴)
2711 1849 3140 1925 perterrefactas
3178 1863 3410 1916 mentae.

2660 1955 2956 2008 Praeterea
2988 1955 3193 2008 docent
3225 1954 3421 2018 nostri,
3454 1954 3604 2025 quod
3632 1971 3868 2011 necesse
3895 1958 3970 2011 sit
4001 1960 4156 2016 bona

2514 2042 2686 2098 opera
2731 2022 2949 2091 facere,
3004 2041 3115 2079 non
3172 2035 3232 2080 vt
3269 2024 3615 2080 confidamus
3650 2044 3754 2097 per
3806 2046 3874 2083 ea
3916 2031 4154 2102 gratiam

2514 2099 2740 2163 mereri,
2792 2099 2894 2151 sed
2927 2106 3155 2169 propter
3191 2094 3535 2151 voluntatem
3571 2096 3695 2153 Dei.
3768 2099 4004 2156 Tantum
4040 2101 4153 2159 fide

2514 2170 2947 2241 apprehenditur
3009 2171 3264 2223 remissio
3320 2179 3681 2239 peccatorum
3735 2187 3805 2227 ac
3828 2175 3882 2239 ⁵)
3952 2176 4156 2247 gratia.

2514 2240 2585 2296 Et
2623 2243 2751 2313 quia
2774 2245 2828 2306 ⁶)
2864 2258 2964 2311 per
2994 2240 3156 2296 fidem
3188 2240 3460 2312 accipitur
3497 2243 3723 2312 spiritus
3757 2253 4009 2311 sanctus,
4045 2246 4160 2302 iam

2517 2315 2690 2368 corda
2724 2322 3090 2377 renouentur,
3115 2316 3166 2380 7)
3223 2322 3279 2366 et
3314 2313 3546 2368 induunt
3569 2316 3625 2381 8)
3681 2331 3861 2370 nouos
3896 2315 4158 2386 affectus,

2515 2396 2577 2440 vt
2610 2401 2810 2456 parere
2844 2386 2990 2440 bona
3028 2401 3200 2455 opera
3223 2388 3277 2451 8)
3325 2386 3561 2455 possint.
3635 2388 3733 2441 Sic
3768 2389 3912 2443 enim
3957 2390 4036 2444 ait
4063 2392 4158 2457 18)

2516 2456 2870 2521 AmbrosiuS,
2904 2455 3073 2511 Fides
3107 2459 3287 2511 bonae
3328 2455 3649 2528 voluntatiS,
3687 2467 3741 2511 et
3774 2460 3952 2515 iustae
3980 2461 4157 2517 actio·

2516 2530 2605 2582 nis
2641 2529 2882 2601 genitrix
2909 2531 2926 2563 ¹
2948 2533 2995 2588 ¹)
3033 2540 3139 2582 est.
3195 2529 3335 2581 Nam
3366 2527 3639 2583 humanae
3675 2531 3845 2598 vireS,
3882 2532 4005 2588 sine
4040 2534 4157 2604 spi-

2515 2602 2625 2656 ritu
2660 2609 2890 2666 sancto,
2946 2598 3145 2670 plenae
3183 2610 3313 2654 sunt
3348 2600 3530 2671 impijs
3567 2600 3890 2669 affectibuS,
3928 2612 3986 2659 et
4021 2615 4156 2661 sunt

2515 2670 2907 2727 imbecilliores
2944 2688 3108 2741 quam
3161 2681 3220 2726 vt
3259 2673 3405 2726 bona
3439 2689 3609 2742 opera
3651 2675 3867 2742 possint
3895 2679 3980 2741 ¹²)
4035 2674 4158 2731 effi·

2517 2760 2647 2799 cere
2681 2761 2870 2798 coram
2907 2741 3050 2797 Deo.
3123 2744 3215 2797 Ad
3251 2744 3422 2809 baec,
3471 2753 3603 2799 sunt
3640 2746 3695 2799 in
3729 2755 4006 2817 potestate
4040 2750 4156 2804 dia-

2517 2816 2634 2872 boli
2670 2817 2764 2889 qui
2799 2813 3033 2886 impellit
3067 2812 3320 2870 homines
3359 2816 3430 2870 ad
3462 2817 3616 2872 varia
3652 2828 3907 2887 peccata,
3946 2821 4020 2875 ad
4053 2821 4156 2876 im-

2516 2891 2640 2962 pias
2678 2889 2996 2961 opinioneS‚
3044 2887 3116 2941 ad
3152 2886 3443 2942 manifesta
3480 2886 3714 2944 scelera.
3790 2890 4159 2952 Quemadmo-

2519 3160 2599 3216 98)
2629 3160 2834 3203 videlicet
2861 3156 2992 3216 huno]
3023 3159 3205 3201 Fabia:
3234 3161 3349 3202 bunc
3378 3161 3580 3203 videlieet

2519 3234 2597 3288 94)
2657 3233 2745 3332 nocti
2785 3231 2990 3332 {idguitcet
3033 3242 3111 3284 per
3159 3229 3260 3272 Chr.
3307 3226 3360 3264 ”-
3381 3232 3707 3276 ‘remissionem
3752 3236 4067 3291 peccatorum.)
4110 3237 4158 3278 iu

2684 3302 2711 3332 a
2741 3323 2751 3333 .
2815 3302 2858 3332 ee
2931 3317 2944 3331 .

2518 3363 2598 3417 95)
2629 3360 2739 3419 Iam]
2769 3361 2919 3403 Non:
2949 3360 3059 3402 Item

2519 3433 2600 3489 96)
2630 3432 2723 3492 qui]
2754 3433 2893 3476 Bet-z
2925 3433 3020 3486 quis

2519 3504 2600 3560 97)
2630 3501 2884 3562 propitium]
2915 3505 3102 3547 Wirc.:
3134 3504 3354 3557 proprium
3384 3503 3452 3558 (?)

2519 3577 2600 3633 98)
2632 3575 2791 3634 Deum]
2821 3576 2898 3618 Ra
2911 3582 2944 3617 t.
2976 3577 3138 3620 omum.

2519 3648 2600 3703 99)
2633 3641 2745 3690 eum.
2785 3647 3028 3706 Denique‚]
3073 3647 3163 3689 Ed.
3204 3654 3340 3690 ant.:
3388 3658 3486 3688 eum
3517 3648 3729 3702 deniqne,
3773 3649 3953 3695 Fabia:
3998 3652 4157 3705 Deum,

2638 3707 2826 3760 deniqne
2871 3704 3096 3748 Onold.=
3128 3717 3245 3758 eum,
3275 3705 3431 3748 deinde

2523 3778 2629 3830 100)
2656 3775 2789 3835 hunc]
2818 3777 2865 3819 in
2893 3777 3067 3828 Desa„
3094 3777 3315 3828 Dresd.‚
3347 3776 3496 3821 Wim.
3528 3777 3654 3822 deest.

2554 3849 2601 3904 1)
2632 3847 2758 3906 nihil]
2790 3847 3013 3893 Onold.:
3044 3850 3104 3891 nil

2552 3921 2602 3973 2)
2634 3922 2690 3963 de
2718 3921 2821 3963 fidei
2850 3918 3045 3978 nomine]
3074 3921 3214 3979 Rae,
3244 3921 3436 3966 wire:
3469 3922 3523 3964 de
3551 3924 3728 3966 nomine
3755 3923 3858 3968 ndei

2553 3993 2603 4046 3)
2633 3993 2680 4034 in
2709 3991 2870 4050 impijs]
2900 3992 3055 4037 Nom
3084 3994 3227 4048 impiis

2554 4066 2605 4120 4)
2635 4066 2781 4119 erigit]
2833 4065 2981 4108 Wim.
3026 4067 3206 4122 primum
3243 4063 3408 4108 habuit:
3454 4067 3569 4121 regit
3610 4066 3688 4110 Ιιοσ
3730 4072 3864 4112 ουτω
3909 4067 4083 4111 delun
4123 4073 4166 4112 d

2639 4123 2962 4178 suaper-seriptum
2991 4130 3073 4166 ut:
3106 4124 3235 4177 erigit

2554 4196 2604 4250 ὃ)
2634 4192 2703 4252 ac]
2733 4193 2870 4251 Ru„
2896 4194 3083 4237 Wirc.:
3115 4201 3160 4235 et

2558 4267 2608 4322 8)
2639 4263 2758 4323 quia]
2789 4263 3010 4309 Onold.=
3041 4266 3160 4320 quod
3189 4272 3234 4308 ot
3260 4268 3580 4323 uper-enjora-
3607 4272 3689 4313 ατε
3718 4269 3821 4323 quta

2558 4339 2608 4391 ⁹1)
2635 4336 2920 4395 renouentur]
2951 4338 3100 4382 Cass.
3139 4338 3184 4381 1.
3221 4339 3405 4395 primun
3429 4338 3596 4382 taenea
3640 4346 3857 4383 renouant
3891 4338 4002 4396 quod
4026 4344 4168 4383 mn

2644 4402 2871 4439 eon-ectum
2900 4402 2958 4439 eet
2988 4398 3052 4438 in:
3084 4402 3355 4438 renouentur
3380 4396 3475 4439 Ed.
3506 4403 3641 4439 ant.:
3672 4404 3935 4441 reuocentur

2558 4468 2605 4522 8)
2636 4466 2840 4524 induunt]
2873 4468 3050 4512 Fabiu:
3081 4468 3297 4510 inducunt
3343 4486 3349 4496 =

2556 4540 2608 4595 9)
2639 4552 2794 4594 parere
2824 4540 2942 4583 bona
2970 4537 3121 4596 opera]
3150 4539 3334 4582 Βοὴ-,ι
3368 4540 3486 4584 bona
3513 4553 3648 4598 open
3675 4552 3828 4597 parere

2529 4612 2609 4668 10)
2639 4609 2720 4669 att]
2751 4613 2910 4655 Febr.
2941 4612 3105 4654 omittit.

2532 4685 2609 4739 11)
2639 4681 2850 4742 genitrix]
2879 4683 2973 4726 Ed.
3003 4690 3134 4726 ant.:
3165 4687 3365 4739 genetrix

2532 4755 2610 4813 12)
2641 4757 2761 4799 bona
2788 4768 2925 4813 opu-a
2951 4753 3136 4815 possint]
3164 4754 3349 4802 nbi-,2
3377 4757 3547 4813 possint
3575 4713 3852 4811 malopem
