4966 5577
796 647 908 706 3⁷9

836 823 962 860 uam
1017 804 1264 878 grauior.
1300 819 1501 868 causa,
1559 803 1764 874 optime
1819 803 2158 874 Imperator,
2211 803 2268 858 in
2321 801 2429 858 Ec·

797 823 973 932 glasia
1009 875 1228 941 incidit,
1272 885 1369 929 aut
1416 875 1656 948 dignior,
1710 874 1781 930 de
1835 892 1948 945 qua
1996 875 2149 930 docti
2195 883 2252 929 et
2297 874 2432 930 boni

797 950 901 1004 viri
938 946 1231 1019 diligenter
1276 945 1603 1001 deliberent.
1691 946 1904 1002 Omnes
1953 947 2061 1019 pij,
2104 946 2431 1002 ardentissi-

795 1021 905 1075 mis
957 1022 1105 1075 votis
1160 1036 1196 1073 a
1238 1017 1364 1074 Deo
1459 1028 1613 1073 etere
1658 1019 1894 1086 debent,
1945 1027 2004 1071 vt
2049 1016 2141 1072 his
2176 1018 2432 1089 peccatis

800 1088 1062 1147 Ecclesia
1081 1088 1364 1146 liberetur.
1471 1107 1608 1163 eges
1646 1107 1842 1145 omnes
1878 1098 1935 1145 et
1963 1089 2248 1161 Episcopi,
2284 1089 2436 1145 omni

798 1164 986 1219 studio
1023 1163 1197 1217 anniti
1233 1163 1465 1226 debent,
1509 1172 1569 1216 vt
1604 1161 1713 1217 hac
1748 1170 1867 1218 tota
1902 1178 2079 1219 causa
2115 1162 2222 1217 rite
2259 1160 2434 1233 expli-

800 1244 948 1302 cata,
984 1244 1318 1305 repurgetur
1354 1231 1633 1289 Ecclesia.

941 1306 1188 1362 Sextum.
1252 1305 1527 1362 institutio
1563 1304 1899 1361 sacramenti
1933 1314 2144 1377 pugnat
2180 1320 2305 1360 cum
2334 1301 2434 1358 illo

795 1380 997 1445 abusu,
1027 1374 1178 1431 Nihil
1213 1378 1357 1433 enim
1395 1379 1466 1433 de
1508 1374 1790 1432 oblatione
1878 1394 1939 1431 ro
1984 1377 2233 1448 peccatis
2280 1377 2435 1431 viun-

797 1469 918 1506 rum
957 1459 1012 1505 et
1049 1459 1391 1505 mortuorum
1428 1449 1795 1520 praecipitur,
1870 1449 1940 1502 ed
1977 1449 2338 1520 praecipitur,
2377 1455 2438 1503 vt

795 1531 1083 1578 sumantur
1121 1539 1328 1593 corpus
1358 1533 1415 1575 et
1450 1521 1683 1593 sanguis
1713 1518 1954 1575 Domini.
2026 1519 2098 1574 Et
2146 1529 2209 1574 vt
2245 1519 2302 1574 id
2339 1518 2439 1575 fiat

794 1595 868 1651 ad
936 1593 1383 1649 recordationem
1455 1591 1709 1664 beneficij
1779 1590 2006 1646 Christi.
2098 1590 2434 1646 Recordatio

795 1674 980 1721 autem
1017 1663 1318 1736 significat,
1355 1680 1469 1719 non
1505 1664 1749 1736 aliquam
1783 1673 1997 1719 tantum
2043 1661 2319 1719 historiae
2355 1679 2437 1717 re-

834 1738 1266 1792 resentationem
1305 1735 1458 1792 velut
1491 1738 1549 1790 in
1578 1733 1926 1806 spectaculo,
1962 1735 2110 1791 sieut
2159 1736 2438 1790 somniant

795 1756 876 1864 llli
888 1849 910 1875 ,
959 1810 1051 1880 qui
1106 1807 1408 1864 defendunt
1435 1809 1685 1864 meritum
1723 1825 1794 1861 ex
1830 1823 1998 1877 opere
2033 1815 2285 1878 operato,
2322 1805 2438 1861 Sed

796 1880 1076 1954 significat
1112 1880 1223 1935 fide
1254 1880 1540 1936 recordari
1570 1879 1997 1951 promissionem
2017 1889 2074 1933 et
2093 1877 2436 1945 beneficium,

797 1949 1080 2008 consular-i
1117 1953 1535 2020 conscientiam,
1571 1961 1626 2006 et
1660 1951 1868 2023 gratias
1916 1966 2089 2024 agere
2123 1968 2228 2021 pro
2280 1960 2438 2006 tanto

795 2024 1087 2081 beneficio.
1163 2022 1496 2096 Principalis
1535 2025 1679 2078 enim
1719 2039 1894 2079 causa
1929 2021 2290 2077 institutionis
2328 2031 2438 2088 est,

797 2108 856 2152 vt
891 2095 1035 2151 fide·
1072 2096 1147 2151 ibi
1195 2098 1466 2151 excitetur
1512 2105 1568 2149 et
1623 2103 1979 2160 exerceatur,
2028 2110 2154 2149 cum
2200 2092 2314 2149 hoc
2358 2094 2437 2165 pi-

796 2184 943 2242 gnus
982 2166 1196 2241 gratiae
1217 2169 1540 2239 accipimus.
1589 2165 1853 2221 Preterea
1888 2165 2159 2221 institutio
2193 2166 2436 2231 ordinat,

793 2250 857 2296 vt
893 2238 990 2294 fiat
1027 2240 1472 2306 communicatio,
1508 2236 1622 2294 hoc
1658 2247 1765 2306 est,
1801 2247 1861 2292 vt
1879 2238 2112 2291 ministri
2142 2235 2438 2292 Ecclesiae

835 2313 1088 2384 orrigant
1124 2311 1289 2366 etiam
1325 2310 1453 2383 alijs
1493 2324 1699 2381 corpus
1735 2319 1792 2365 et
1828 2310 2159 2382 sanguinem
2195 2308 2436 2363 Domini.

844 2392 866 2438 t
901 2383 1051 2438 hunc
1088 2400 1296 2437 morem
1334 2393 1616 2438 seruatum
1654 2396 1785 2436 esse
1833 2381 1889 2434 in
1937 2381 2210 2453 principio
2244 2379 2439 2436 Eccle-

711 2465 722 2476 '
794 2455 933 2521 siae,
971 2464 1207 2510 testatur
1244 2451 1454 2510 Paulus
1501 2455 1574 2508 ad
1620 2452 1976 2518 CorinthioS,
2028 2455 2120 2526 qui
2168 2453 2439 2525 praecipit

797 2529 993 2594 etiam,
1046 2535 1106 2581 vt
1161 2525 1253 2598 alij
1302 2524 1448 2581 alios
1506 2535 1829 2596 expectent,
1877 2535 1939 2579 vt
1985 2523 2081 2580 flat
2128 2525 2436 2580 communis

797 2599 1161 2671 participatio,

940 2667 1248 2725 Patefactis
1315 2670 1485 2741 igitur
1553 2670 1822 2725 abusibus
1886 2668 2173 2740 priuatae·
2202 2665 2435 2735 Missae,

796 2743 927 2816 quia
963 2751 1017 2796 et
1053 2739 1355 2812 pleraeque
1393 2758 1588 2796 omnes
1626 2740 1838 2796 fiebant
1872 2750 2102 2812 propter
2146 2739 2300 2795 illam
2340 2757 2437 2812 ap-

793 2811 1150 2887 plicationem
1203 2831 1308 2885 pro
1357 2815 1608 2884 peccatis
1654 2811 1918 2877 aliorum,
1966 2825 2024 2867 et
2070 2830 2184 2868 non
2232 2828 2437 2868 conue—

793 2886 952 2942 niunt
983 2902 1108 2941 eum
1144 2886 1490 2939 institutione
1527 2883 1769 2950 Christi,
1808 2884 2094 2939 desierunt
2130 2885 2184 2939 in
2223 2885 2435 2939 nostris

795 2956 1091 3012 Ecclesiis.
1165 2955 1269 3009 Est
1306 2967 1491 3010 autem
1526 2956 1775 3010 instituta
1812 2970 1924 3009 vna
1959 2956 2266 3012 communis
2303 2954 2439 3010 Mis-

798 3026 887 3094 sa',
922 3030 1074 3082 iuxta
1112 3026 1319 3082 Christi
1358 3028 1779 3093 ordinationem,
1813 3026 1872 3080 iu
1908 3045 2019 3099 qua
2054 3036 2313 3098 pastores
2331 3026 2438 3081 Ee-

797 3097 1098 3157 clesiarum
1145 3112 1509 3166 consecrant,
1558 3109 1810 3164 sumunt,
1862 3108 1918 3153 et
1962 3100 2255 3172 porrigunt
2308 3097 2436 3172 alijs

797 3180 1209 3227 sacramentum
1247 3188 1348 3227 cor
1388 3171 1504 3226 oris
1543 3180 1600 3226 et
1634 3171 1926 3245 sanguinis
1973 3169 2214 3238 Christi,
2250 3171 2323 3226 Et
2378 3171 2439 3226 iit

796 3241 926 3298 talis
964 3241 1143 3297 Missa
1177 3188 1416 3316 singulis

798 3316 942 3388 siqui
995 3313 1167 3370 velint
1211 3317 1289 3371 vti
1337 3324 1711 3371 sacramento.
1795 3314 1918 3370 Nec
1962 3316 2322 3372 admittuntur
2365 3316 2439 3371 ad

801 3387 1270 3455 communionem,
1307 3388 1415 3442 nisi
1452 3397 1620 3442 antea
1666 3385 1959 3458 explorati.
2034 3387 2334 3443 Adduntur
2383 3396 2441 3442 et

799 3460 1103 3514 conciones
1139 3461 1292 3530 piae,
1340 3461 1488 3514 sicut
1533 3458 1794 3513 Christus
1829 3460 2111 3530 precepit,
2153 3469 2216 3514 vt
2268 3460 2439 3514 habe-

797 3541 963 3588 entur
1018 3532 1323 3586 conciones
1374 3549 1498 3585 cum
1553 3531 1694 3586 haec
1763 3531 2081 3587 ceremonia
2143 3540 2434 3587 tractatur.

794 3602 869 3658 Et
902 3604 960 3657 in
991 3602 1079 3657 his
1112 3603 1496 3663 concionibus,
1533 3618 1660 3658 cum
1698 3604 1770 3658 do
1817 3603 2058 3658 caeteris
2093 3601 2345 3658 articulis
2382 3613 2440 3658 et

794 3680 1077 3748 preceptis
1130 3672 1423 3746 Euangelij
1482 3672 1776 3746 diligenter
1836 3676 2113 3732 docentur
2168 3675 2439 3743 homineS,

795 3756 911 3803 tum
951 3748 1113 3801 etiam
1151 3747 1522 3801 admonentur
1541 3784 1559 3813 ,
1614 3747 1684 3801 ad
1724 3762 1889 3819 quem
1935 3765 2096 3802 vsum
2131 3748 2439 3803 institutum

795 3820 869 3873 sit
906 3827 1338 3884 sacramentum,
1374 3816 1665 3885 videlicet,
1701 3837 1814 3873 non
1853 3820 2004 3890 quod
2050 3836 2121 3874 ex
2168 3836 2340 3890 opere
2361 3822 2438 3885 ²¹)
2478 3852 2487 3895 1

793 3902 1026 3962 operato
1083 3901 1358 3946 mereatur
1405 3891 1486 3944 eis
1543 3891 1929 3947 remissionem
1948 3893 2029 3959 ²²)
2054 3901 2441 3963 .peccatorum

794 3962 943 4018 haec
980 3963 1317 4029 ceremonia,
1356 3961 1470 4017 Sed
1518 3964 1667 4034 quod
1705 3973 2120 4019 sacramentum
2165 3964 2238 4017 sit
2283 3965 2439 4019 testi·

794 4037 1061 4103 monium,
1100 4037 1174 4090 sit
1209 4037 1436 4108 pig-aue,
1472 4051 1584 4107 quo
1605 4032 1864 4089 Christus
1902 4044 2139 4089 testetur
2173 4050 2239 4091 se
2273 4036 2438 4090 nobis

796 4118 1050 4180 prestare
1101 4110 1408 4179 promissa,
1462 4117 1519 4162 et
1571 4107 1719 4178 quod
1806 4106 2169 4161 remissiones
2212 4107 2287 4161 ad
2333 4124 2439 4162 nos

795 4182 1142 4252 pertineant,
1198 4180 1348 4251 quod
1390 4177 1649 4233 Christus
1816 4179 1966 4233 ibeat
2014 4179 2179 4233 nobis
2230 4195 2439 4251 corpus

795 4267 978 4318 suum,
1021 4264 1078 4306 vt
1114 4260 1350 4306 testetur
1386 4267 1452 4307 se
1493 4252 1549 4304 in
1591 4252 1756 4305 nobis
1805 4247 2090 4307 efficacem
2138 4267 2269 4306 esse
2317 4262 2439 4306 tan-

796 4340 961 4396 quam
1017 4326 1074 4378 in
1119 4323 1383 4378 membris
1439 4324 1589 4383 suis,
1638 4321 1914 4378 Exhibeat
1967 4323 2324 4395 sanguinem,
2378 4332 2440 4377 vt

795 4406 1032 4453 testetur
1084 4411 1194 4449 nos
1248 4393 1403 4451 ablui
1447 4394 1724 4468 sanguine
1779 4410 1904 4448 suo.
1977 4393 2220 4451 Prodest
2271 4395 2440 4469 igitur

795 4478 1205 4525 sacramentum
1252 4468 1371 4534 his,
1417 4468 1513 4541 qui
1548 4477 1732 4539 ‘agunt
1779 4467 2204 4539 poenitentiam,
2260 4478 2319 4522 et
2360 4468 2441 4522 ibi

793 4726 875 4781 21)
906 4728 1062 4783 opero]
1091 4728 1176 4773 m.
1207 4729 1252 4773 ³.
1283 4734 1373 4786 typ-
1402 4739 1568 4772 nm:
1599 4738 1737 4782 opor·

795 4798 876 4854 22)
906 4799 1226 4858 remissionem)
1256 4802 1320 4844 n'e
1345 4799 1430 4844 sd.
1458 4798 1529 4851 4.;
1558 4797 1644 4844 Ed.
1673 4798 1742 4844 8.=
1773 4798 1978 4840 remi-do

1548 644 1742 702 pun..
1778 643 1954 701 MEL-
1990 643 2306 701 SCRIPTA
2339 643 2794 703 DOGMATch
2830 646 2925 702 ET
2961 645 3417 704 SYMBOLICA.

1452 3240 1631 3316 ferijS,
1667 3253 1835 3314 atque
1872 3241 2001 3316 alijs
2030 3244 2194 3299 etiam
2222 3245 2445 3312 diebuS‚·

2514 813 2753 875 querunt
2790 800 3266 871 consolationem,
3304 814 3360 859 et
3398 804 3712 859 confirmati
3755 803 3868 859 hoc
3908 806 4158 863 testimo·

2513 876 2606 930 nio
2645 876 2879 931 credunt
2916 892 3050 930 vere
3087 876 3195 930 sibi
3229 876 3470 946 prestari
3520 877 3906 932 remissionem
3956 893 4158 947 pecea-

2514 958 2716 1014 torum,
2752 958 2810 1002 et
2844 956 3021 1020 agunt
3099 948 3271 1002 ratias
3291 946 3518 1003 Christo
3545 966 3651 1020 pro
3670 956 3827 1003 tanto
3866 948 4157 1008 beneficio.

2513 1018 2597 1074 lta
2634 1018 2694 1073 fit
2730 1016 3028 1089 applicatio
3057 964 3324 1091 {eneflcij
3346 1018 3571 1087 Christi,
3611 1037 3726 1075 non
3763 1029 3988 1092 propter
4024 1018 4158 1077 alie-

2513 1107 2645 1145 num
2682 1107 2847 1160 opus,
2882 1092 2987 1145 sed
3031 1108 3135 1162 pro
3179 1092 3260 1145 ria
3308 1091 3581 1179 cuiusque
3631 1091 3770 1157 fide,
3819 1102 3876 1146 et
3930 1094 4157 1165 proprio

2516 1179 2623 1216 vsu
2677 1162 3047 1228 sacramenti,
3152 1180 3242 1217 am
3298 1179 3422 1216 cum
3476 1163 3584 1233 ipsi
3637 1164 3868 1231 vtimur,
3923 1174 4159 1222 testatur

2514 1234 2531 1288 i
2571 1250 2639 1289 sa
2675 1231 2884 1288 Christi
2922 1234 3217 1300 ordinatio,
3254 1234 3403 1305 quod
3438 1235 3512 1290 ad
3549 1251 3656 1289 nos
3695 1236 3968 1305 pertineat
3990 1239 4159 1294 bene-

2557 1304 2703 1360 cium
2736 1302 3052 1379 Euangeli‘.
3124 1304 3278 1360 Talis
3316 1321 3454 1360 vsus
3501 1299 3841 1362 sacramenti
3877 1309 4005 1380 pius
4050 1319 4161 1377 est,

2514 1386 2570 1432 et
2599 1376 2887 1432 docendus
2921 1378 2979 1432 in
3067 1374 3314 1444 eclesiis,
3347 1378 3441 1449 qui
3478 1387 3533 1431 et
3568 1376 3812 1433 illustrat
3846 1380 4159 1438 doctrinam

2516 1449 2588 1503 de
2616 1446 2746 1515 fide,
2789 1457 2846 1502 et
2884 1448 2953 1503 de
2988 1448 3370 1519 spiritualibus
3408 1449 3733 1522 exercicijs,
3762 1461 3817 1505 et
3853 1454 4005 1506 veris
4042 1450 4160 1508 cul-

2514 1519 2686 1584 tibus,
2724 1529 2779 1575 et
2814 1517 2995 1574 adfert
3048 1521 3156 1593 pijs
3206 1520 3570 1592 conscientijs
3617 1522 3899 1594 ingentem
3954 1540 4159 1581 couse-

2514 1589 2799 1659 latiouem,
2836 1601 2895 1645 et
2923 1594 3000 1646 eri
3045 1592 3084 1645 ‘t
3133 1591 3315 1646 fidem.
3389 1592 3537 1647 Ante
3585 1590 3727 1647 haec
3773 1604 4049 1667 tempora,
4085 1596 4159 1652 de

2518 1679 2625 1718 vsu
2663 1664 3005 1719 sacramenti
3055 1679 3203 1738 enge
3239 1661 3400 1719 aliter
3448 1662 3795 1721 docebantur
3840 1664 4154 1725 Ecclesiae.

2515 1732 2666 1790 Nihil
2701 1737 3140 1807 proponebatur,
3179 1735 3285 1790 nisi
3324 1736 3477 1807 quod
3511 1734 3626 1790 hoe
3663 1754 3805 1809 opus
3842 1736 4157 1796 faciendum

2517 1817 2686 1862 esset.
2768 1806 2859 1861 De
2913 1805 3051 1875 fide,
3103 1808 3174 1862 de
3223 1804 3610 1863 consolatione
3667 1809 4157 1880 conscientiarum,

2514 1895 2681 1934 nemo
2718 1879 3017 1966 quidquam
3054 1880 3336 1935 monebat.
3392 1878 3464 1933 Et
3500 1880 3847 1935 vexabantur
3865 1883 4156 1938 conscien-

2514 1951 2625 2005 tiae
2658 1951 2955 2006 immodica
2992 1950 3277 2025 diligentia
3296 1948 3692 2016 confessionis,
3710 1951 3869 2008 Hane
3886 1955 4159 2023 putabant

2515 2022 2812 2094 puritatem
2833 2038 2980 2083 esse,
2999 2039 3165 2096 quam
3184 2023 3414 2110 requirit
3432 2020 3811 2096 Euangelium,
3830 2042 3956 2080 cum
3975 2025 4160 2081 Euan·

2518 2093 2724 2167 galium
2744 2095 2990 2166 requirat
3009 2112 3206 2151 verum
3235 2102 3507 2158 timorem,
3526 2104 3582 2148 et
3603 2113 3791 2151 veram
3808 2095 4087 2164 fiduciam,
4103 2105 4164 2153 et

2518 2182 2624 2221 vsu
2641 2162 2804 2221 huius
2822 2166 3159 2221 sacramenti
3196 2183 3303 2220 nos
3332 2162 3675 2231 consolatur,
3694 2178 3754 2222 vt
3771 2165 3829 2223 hi
3857 2170 3950 2240 qui
3969 2169 4164 2241 poeni-

2518 2239 2745 2292 tentiam
2783 2247 2978 2310 agunt,
3014 2237 3250 2293 credant
3287 2247 3442 2292 certo
3474 2254 3540 2291 se
3575 2238 3787 2294 habere
3816 2237 4000 2296 Deum
4027 2257 4161 2312 pro-

2516 2310 2719 2381 picium
2756 2319 2986 2381 propter
3042 2309 3353 2375 Christum,
3414 2310 3630 2365 etiamsi
3678 2320 3878 2366 natura
3920 2310 4162 2379 infirma,

2519 2391 2575 2436 et
2609 2380 2886 2435 immunda
2924 2391 3030 2448 est,
3070 2381 3281 2436 etiamsi
3319 2381 3460 2436 haec
3497 2392 3693 2436 nostra
3729 2382 3989 2439 inchoata
4020 2385 4160 2440 obe-

2519 2452 2724 2508 dientia
2770 2450 2970 2523 procul
3016 2454 3180 2507 abest
3226 2470 3262 2506 a
3307 2451 3654 2523 perfectione
3699 2452 3861 2528 legis.
3935 2453 4024 2515 Ex
4070 2452 4162 2510 his

2517 2525 2775 2580 omnibus
2805 2525 2945 2578 satis
2983 2522 3157 2596 liquet
3191 2524 3430 2580 Missam
3474 2525 3624 2596 apud
3672 2543 3808 2595 nos,
3858 2527 4164 2583 conuenire

2516 2613 2646 2651 cum
2680 2595 3029 2651 institutione
3063 2594 3293 2663 Christi,
3334 2605 3391 2651 et
3432 2595 3543 2652 ritu
3587 2598 3800 2667 primae
3845 2595 4162 2666 Ecclesiae,

2515 2668 2607 2724 Ad
2644 2666 2787 2722 haec
2823 2665 3067 2723 illustrat
3103 2668 3339 2723 maxime
3376 2685 3571 2725 verum
3609 2685 3770 2725 vsum
3806 2671 4162 2727 sacramenti.

2515 2739 2842 2796 Huiusmodi
2877 2740 3184 2796 communis
3219 2738 3402 2795 Missa
3435 2740 3541 2796 fuit
3575 2740 3633 2796 in
3669 2743 3849 2798 veteri
3882 2740 4087 2798 Eccles

2516 2823 2577 2867 vt
2614 2810 3056 2884 Chrysostomus
3095 2821 3354 2879 testatur,
3391 2812 3484 2885 qui
3530 2814 3642 2879 ait,
3685 2816 4041 2872 sacerdotem

2515 2881 2693 2940 altare
2729 2893 2910 2950 stare,
2959 2894 3016 2938 et
3049 2882 3193 2939 alios
3229 2885 3302 2939 ad
3354 2886 3796 2941 communionem
3843 2902 3981 2942 acce

2517 2953 2663 3011 alios
2700 2971 2834 3010 vero
2874 2971 3091 3011 arcere.
3163 2956 3236 3011 Et
3273 2972 3343 3010 ex
3376 2956 3626 3012 Nicenae
3655 2956 3867 3029 Synodi
3914 2958 4163 3016 decretis

2518 3038 2780 3099 apparet,
2827 3046 2999 3083 vnum
3046 3027 3289 3101 aliquem
3335 3026 3656 3084 celebrasse
3712 3027 4048 3102 Liturgiam,
4100 3038 4166 3088 vt

2519 3100 2711 3172 graeci
2774 3111 3014 3166 vocant,
3075 3101 3170 3172 qui
3236 3101 3471 3155 caeteris
3535 3101 3792 3168 omnibus
3851 3101 4166 3174 porrexerit

2520 3188 2727 3242 corpus
2783 3180 2839 3225 et
2901 3175 3232 3246 sanguinem
3269 3170 3511 3227 Domini.
3601 3171 3760 3228 Haec
3827 3174 3972 3229 enim
4026 3183 4166 3232 sunt

2519 3244 2695 3299 verba
2734 3243 2955 3297 decreti.
3029 3244 3325 3314 Accipient
3371 3243 3609 3302 Diacoui
3663 3246 3971 3302 secundum
4015 3246 4164 3303 ordi·

2520 3333 2648 3370 nem
2684 3325 2816 3386 post
2851 3316 3218 3389 presbyteros
3255 3318 3327 3371 ab
3364 3315 3673 3388 Episcopo,
3710 3315 3806 3374 vel
3850 3334 3886 3372 a
3920 3318 4164 3393 presby-

2520 3396 2644 3442 tero
2712 3405 2935 3442 sacram
3004 3389 3461 3444 communionem.
3553 3387 3659 3444 Hic
3722 3391 3929 3445 diserte
3999 3390 4162 3462 ipso·

2520 3461 2887 3532 presbyteros
2911 3461 2987 3521 ²⁸)
3036 3459 3114 3514 ait
3162 3460 3420 3531 accipere
3463 3471 3871 3516 sacramentum
3915 3462 3989 3517 ab
4045 3478 4162 3519 vno

2521 3532 2759 3603 quodam
2817 3531 3159 3602 porrigente.
3230 3531 3354 3586 Nec
3388 3531 3640 3602 priuatae
3674 3531 3886 3587 Missae
3940 3531 4056 3588 vlla
4098 3531 4164 3590 fit

2519 3605 2744 3668 mentio,
2780 3615 2908 3657 ante
2943 3602 3201 3674 Gregorij
3243 3614 3511 3673 tempora,
3543 3605 3659 3661 Sed
3679 3605 3899 3675 quoties
3933 3616 4160 3662 veteres

2522 3676 2592 3730 de
2630 3673 2809 3729 Missa
2844 3672 3168 3746 loquuntur,
3204 3684 3440 3746 apparet
3485 3693 3587 3731 eos
3638 3677 3708 3729 de
3753 3693 3863 3731 vna
3917 3678 4161 3749 quadam

2521 3747 2795 3802 communi
2851 3746 3029 3801 Missa
3080 3744 3249 3819 loqui.
3340 3745 3480 3802 Cum
3534 3748 3700 3821 igitur
3748 3747 3962 3803 Missae
4016 3750 4160 3804 ritus

2519 3837 2554 3873 a
2596 3820 2669 3873 ud
2706 3834 2811 3873 nos
2848 3816 3050 3874 habeat
3098 3820 3450 3875 autoritatem
3484 3822 3827 3891 scripturae,
3874 3829 3930 3875 et
3972 3837 4160 3878 exem-

2520 3838 2673 3962 pl'um
2710 3890 2918 3945 veteris
2954 3889 3266 3957 Ecclesiae,
3303 3901 3360 3947 et
3396 3901 3606 3948 tantum
3641 3888 4022 3948 intolerabiles
4078 3891 4158 3948 ui-

2519 3965 2645 4018 dam
2681 3963 2895 4018 abusus
2932 3962 3135 4018 abiecti
3170 3965 3304 4032 sint,
3341 3962 3646 4034 Speremus
3684 3979 3800 4033 non
3847 3980 4021 4036 posse
4080 3981 4160 4020 m-

2519 4035 2742 4106 probari
2779 4045 3100 4089 nostrarum
3135 4034 3518 4092 Ecclesiarum
3553 4052 3781 4091 morem.
3856 4033 4047 4092 Ceteri
4084 4036 4161 4093 ri-

2518 4117 2608 4163 tus
2645 4107 2935 4177 adiaphori
2969 4123 3177 4180 magna
3214 4124 3284 4161 ex
3319 4118 3477 4179 parte
3512 4107 3716 4163 vsitato
3751 4125 3906 4163 more
3924 4124 4158 4170 seruau-

2517 4187 2626 4245 tur,
2663 4178 2780 4236 Sed
2814 4195 3080 4233 numerus
3116 4178 3410 4235 missarum
3446 4177 3732 4235 dissimilis
3769 4188 3876 4236 est.
3905 4184 3974 4245 ¹⁹)
4030 4179 4162 4237 Nec

2519 4248 2649 4304 olim
2684 4250 2742 4304 in
2779 4249 3055 4306 Ecclesiis
3090 4247 3558 4321 frequentissimis
3593 4251 3762 4308 fiebat
3784 4254 3862 4318 ²⁴)
3950 4252 4160 4308 uotidie

2517 4320 2717 4389 Missa,
2754 4333 2814 4378 vt
2852 4332 3092 4377 testatur
3125 4321 3361 4378 historia
3396 4324 3669 4395 tripartita
3703 4322 3799 4381 lib.
3817 4323 3871 4378 9.
3906 4270 4046 4398 δερ.
4065 4321 4158 4382 38-

2516 4393 2737 4449 Rursus
2775 4404 2963 4451 autem
2996 4394 3055 4449 in
3090 4391 3455 4464 Alexandria,
3489 4407 3693 4469 quarta
3730 4405 3787 4453 et
3820 4404 3982 4453 sexta
4015 4392 4161 4453 seria

4046 647 4161 706 38⁰
4235 710 4239 714 .
