4966 5577
788 613 897 669 411
1521 606 1710 663 PHlL.
1749 606 1924 663 MEL.
1958 603 2278 661 SCRIPTA
2313 603 2767 660 DOGMATIGA
2795 603 2891 660 ET
2929 605 3386 664 SYMBoLtcA.
4038 609 4151 666 412

789 785 987 825 nones.
1062 767 1224 829 Quod
1263 766 1313 820 si
1344 782 1458 820 non
1493 773 1680 836 potest
1715 764 2028 836 impetrari,
2063 773 2125 819 vt
2174 761 2428 818 relaxen-

790 850 883 898 tur
920 839 1364 904 obseruationeS,
1402 853 1546 909 quae
1584 838 1705 891 sine
1743 845 1978 909 peccato
2027 840 2143 890 non
2187 843 2426 907 possunt

788 912 1078 986 praestari,
1118 919 1340 980 oportet
1375 925 1483 963 nos
1520 906 1773 980 regulam
1821 903 2210 979 Apostolicam
2245 907 2424 979 sequi,

790 1000 936 1058 quae
969 983 1265 1054 praecipit,
1302 979 1428 1035 Deo
1477 980 1660 1053 magis
1708 981 1937 1034 obedire
1982 997 2147 1052 quam
2194 978 2424 1033 homini-

788 1057 916 1113 bus.
976 1053 1193 1109 Petrus
1234 1063 1387 1109 vetat
1420 1050 1735 1124 Episcopos
1792 1052 2090 1116 dominari,
2138 1060 2195 1104 et
2233 1047 2425 1104 Eccle-

789 1128 894 1200 sijs
931 1128 1221 1196 imperare.
1295 1125 1458 1179 Nune
1496 1141 1608 1178 non
1646 1124 1700 1178 id
1748 1124 1966 1195 agitur,
2012 1133 2075 1178 vt
2121 1122 2423 1177 dominatio

791 1376 871 1431 96)
900 1374 989 1417 Sed
1022 1374 1074 1415 de
1103 1374 1187 1415 hac
1218 1373 1470 1425 quaestione
1499 1369 1636 1410 nostri
1664 1370 1729 1410 sic
1760 1369 1919 1410 docent
1945 1367 2059 1420 (eide
2096 1377 2226 1421 supra
2245 1380 2302 1432 p.-
2324 1367 2426 1410 407.

903 1433 977 1475 lin.
1008 1434 1100 1484 30.)
1117 1453 1173 1462 --
1190 1451 1313 1460 --
1337 1427 1454 1482 quod
1484 1426 1717 1481 pertinatia
1745 1438 1825 1467 sna
1856 1438 2029 1467 causam
2049 1423 2265 1465 schismata
2295 1435 2422 1478 prae·

906 1489 1041 1544 bent]
1077 1487 1178 1531 haec
1203 1499 1307 1541 pars
1335 1484 1457 1528 huius
1484 1484 1655 1526 articuli
1684 1485 1869 1535 eur-emt,
1898 1483 2034 1539 qualis
2062 1482 2108 1523 iti
2136 1480 2275 1522 Editt.
2305 1482 2349 1525 2.
2379 1483 2423 1525 3.

907 1548 1073 1604 leyt'tur,
1102 1547 1147 1586 iu
1174 1544 1258 1585 Ed.
1288 1546 1331 1587 4.
1363 1544 1425 1584 sic
1452 1543 1624 1584 variata
1653 1548 1735 1584 est:

962 1603 1150 1654 Quoties
1180 1608 1323 1644 autem
1354 1601 1408 1640 de
1438 1600 1522 1642 hoe
1563 1600 1664 1640 loco
1708 1599 1979 1649 disserimus,
2019 1598 2164 1638 statim
2200 1596 2429 1637 clamitant

906 1662 1163 1715 aduersarii,
1197 1659 1456 1700 labefactata
1483 1658 1719 1699 autoritate
1736 1656 2066 1710 Episcopnrum,
2095 1654 2193 1695 fieri
2222 1649 2429 1705 ἀταξίαν,

903 1731 992 1760 non
1024 1731 1151 1773 posse
1180 1728 1322 1758 mores
1351 1715 1502 1770 populi
1530 1715 1781 1768 gubernari,
1809 1725 1898 1755 non
1928 1711 2154 1754 coherceri
2193 1711 2313 1765 uulgi
2354 1723 2429 1765 pe·

906 1778 1149 1828 tulantiam,
1181 1775 1368 1827 denique
1397 1774 1517 1827 sequi
1549 1772 1832 1825 Cyclopicum
1861 1771 2022 1834 uitamj,
2063 1769 2224 1836 qualis„
2245 1769 2300 1810 ab
2340 1769 2428 1835 Eu-

907 1835 1049 1888 ripide
1080 1836 1126 1875 in
1154 1833 1239 1874 boc
1268 1843 1395 1871 uersu
1427 1829 1697 1872 describitur.
1728 1822 1943 1884 νομάδες,
1973 1839 2131 1868 ακουει
2171 1823 2309 1868 ουδὲν
2348 1840 2426 1867 ου-

907 1889 1006 1938 δεὶς
1034 1883 1233 1937 οὐδενός.
1287 1887 1537 1938 Queruntur
1566 1894 1610 1927 et
1638 1886 1861 1939 abrogatis
1891 1885 2105 1938 aliquibus
2135 1885 2304 1939 legibus
2333 1885 2429 1925 uul-

910 1963 990 2004 gus
1023 1949 1266 2002 exemplum
1295 1944 1526 1987 transferre
1556 1945 1613 1986 ad
1644 1957 1794 1985 omues
1830 1945 1976 1996 leges,
2014 1949 2057 1983 et
2097 1944 2289 1984 excussis
2328 1943 2426 1984 uin-

908 2008 1014 2050 culis
1045 2019 1097 2048 ac
1126 2007 1260 2047 frenis
1300 2003 1556 2056 disciplinae
1603 2015 1772 2043 sumere
1818 2002 1903 2042 sibi
1940 2000 2154 2041 infinitam
2192 2000 2426 2053 licentiam,

907 2077 1020 2117 quae
1049 2064 1255 2104 scandala
1284 2065 1524 2111 innumera,
1555 2060 1860 2101 distractiones
1878 2059 2145 2112 Principum,
2176 2056 2424 2112 dissipatio-

906 2135 982 2163 nes
1013 2122 1321 2169 Ecclesiamm,
1351 2119 1604 2168 seditiones,
1633 2118 1760 2169 bella,
1791 2123 1835 2157 et
1863 2117 2088 2157 uastitates
2117 2115 2243 2168 parit.
2287 2115 2425 2157 Dent-

906 2191 990 2232 que
1020 2179 1255 2220 ostendunt
1284 2189 1412 2230 quam
1442 2178 1500 2216 sit
1529 2175 1709 2216 inimica
1738 2175 1889 2227 generi
1918 2173 2107 2215 humano
2136 2166 2351 2228 ἀναρχία,
2380 2179 2427 2214 et

905 2248 961 2277 ex
989 2235 1073 2279 hoc
1102 2237 1238 2286 fonte,
1270 2240 1478 2288 quantum
1509 2234 1556 2275 in
1595 2243 1767 2274 omnem
1803 2232 1940 2273 uitam
1978 2232 2192 2274 uit-iorum
2230 2236 2276 2272 et
2311 2231 2426 2274 cala-

902 2295 1098 2336 mitatum
1129 2293 1333 2335 exiuidet.

959 2351 1145 2393 Monent
1172 2351 1308 2402 igitur
1338 2349 1396 2389 ad
1424 2348 1532 2389 haee
1562 2352 1686 2389 tanta
1726 2346 1844 2389 mala
1885 2345 2089 2397 uitanda,
2118 2345 2428 2389 stabiliendam

905 2421 1001 2449 esse
1031 2409 1307 2450 autoritatem
1335 2406 1666 2459 Episcoporum,
1694 2403 1945 2446 retinendas
1983 2405 2104 2457 leges
2143 2404 2349 2456 usitatas,
2378 2405 2424 2445 in

905 2466 1059 2520 quibus
1091 2467 1220 2506 etiam
1250 2465 1288 2506 si
1324 2475 1411 2516 qna
1452 2462 1541 2503 sint
1577 2462 1876 2512 incommoda,
1916 2461 2023 2502 haec
2063 2462 2224 2502 docent
2259 2462 2424 2502 condo-

905 2523 1056 2566 nanda
1084 2535 1178 2564 esse
1208 2521 1425 2563 communi
1455 2519 1679 2561 hominum
1710 2520 2014 2570 imbecillitati,
2045 2525 2088 2560 et
2115 2525 2294 2573 propter
2309 2526 2424 2561 tran-

905 2581 1168 2634 quillitatem
1212 2578 1546 2629 dissimulanda,
1590 2579 1820 2631 presertim
1870 2589 1967 2617 cum
2026 2576 2171 2619 nullus
2218 2577 2426 2619 constitui

904 2645 1041 2681 status
1071 2638 1226 2692 pessit,
1257 2638 1328 2690 qui
1358 2647 1536 2689 prorsus
1577 2637 1634 2678 sit
1662 2635 1755 2676 sine
1795 2635 1925 2676 nicio.
1986 2633 2194 2687 Allegant
2229 2633 2314 2675 buc
2348 2645 2423 2675 ne-

903 2702 973 2737 tus
1002 2696 1112 2738 illud
1140 2690 1193 2736 τὸ
1230 2690 1374 2734 κακόν
1410 2680 1463 2734 εὖ
1497 2694 1733 2749 κείμενον,
1771 2687 1834 2749 μή
1874 2689 2093 2742 κινητέον.
2152 2690 2423 2735 Commemo-

904 2759 1003 2795 rant
1035 2752 1248 2807 exempla,
1277 2752 1408 2792 motis
1439 2751 1629 2803 legibus,
1670 2757 1745 2792 aut
1782 2755 1949 2792 mutata
1985 2750 2164 2804 politiae
2198 2749 2341 2792 forma
2376 2748 2424 2791 in

903 2811 1080 2852 ciuitate
1109 2812 1279 2862 Attica,
1308 2809 1544 2863 Spartana,
1572 2808 1771 2852 Romana
1798 2813 1843 2848 et
1872 2808 1994 2862 aliJs,
2034 2818 2144 2862 quae
2174 2808 2319 2849 clades
2358 2818 2424 2850 se-

902 2875 1029 2911 cutae
1077 2869 1176 2910 sint.
1246 2867 1411 2909 Romae
1450 2866 1740 2907 dissensiones
1779 2865 2016 2907 Consulum
2055 2872 2099 2907 et
2134 2865 2426 2908 Tribunorum

903 2927 1074 2981 quotics
1108 2926 1253 2967 ciuilia
1282 2925 1400 2963 bella
1430 2923 1706 2965 excitarunt?

960 2981 1216 3036 Quanquam
1245 2987 1390 3022 autem
1415 2981 1499 3022 hae
1520 2979 1775 3023 Senatoriae
1805 2980 2039 3021 conciones
2055 2978 2287 3021 admodum
2302 2980 2424 3033 plau·

902 3040 1050 3082 sibiles
1082 3048 1205 3089 sunt,
1235 3045 1278 3079 et
1307 3039 1538 3078 multorum
1578 3039 1745 3078 animos
1790 3038 2000 3077 aduersus
2043 3048 2126 3078 nos
2171 3036 2424 3087 incendunt,

904 3104 1049 3139 tamen
1090 3096 1207 3138 ueris
1252 3101 1297 3137 et
1334 3096 1646 3136 honestissimis
1693 3095 1961 3147 argumentis
2004 3095 2183 3135 refutari
2225 3100 2423 3148 possunt.

902 3155 1093 3197 Primum
1122 3155 1255 3207 igitur
1283 3154 1468 3206 petimus
1497 3158 1544 3193 ut
1579 3153 1644 3195 illi
1682 3153 1978 3193 Accusatores
2018 3152 2159 3192 nostri
2195 3151 2424 3193 historiam

902 3212 1125 3253 Ecclesiae
1172 3211 1363 3252 omnium
1402 3217 1643 3265 temporum
1682 3211 1952 3265 intueantur,
1989 3208 2085 3250 Nec
2122 3214 2272 3263 putent
2308 3221 2423 3251 sum-

902 3281 998 3311 mos
1029 3271 1143 3310 uiros
1173 3268 1418 3323 Prophetas
1464 3275 1507 3309 et
1546 3268 1783 3321 Apostolos
1823 3266 1954 3307 fuisse
1993 3266 2088 3307 sine
2132 3279 2262 3307 sensu
2307 3279 2422 3309 com-

902 3328 1038 3377 muni,
1070 3339 1121 3368 ac
1150 3327 1262 3368 adeo
1293 3325 1474 3377 ferreos,
1503 3331 1554 3366 ut
1581 3325 1938 3377 tranquillitatem
1974 3325 2139 3377 patriae
2175 3336 2265 3365 non
2307 3337 2422 3366 ama·

901 3386 1006 3436 rint,
1037 3391 1113 3426 aut
1142 3385 1251 3426 adeo
1270 3384 1492 3432 immanes,
1510 3390 1558 3425 ut
1588 3383 1858 3438 disciplinam
1888 3385 2023 3436 leges,
2038 3381 2179 3435 Regni
2211 3375 2425 3431 ειῗταξίαν

901 3455 991 3484 non
1022 3442 1195 3483 maximi
1227 3443 1423 3483 fecerint.
1484 3441 1545 3483 Hi
1574 3454 1680 3482 uero
1713 3441 2034 3495 sapientissimi,
2064 3441 2232 3495 optimi,
2263 3449 2306 3480 et
2330 3452 2415 3482 mo-

902 3501 1162 3542 deratissimi
1188 3498 1270 3540 uiri
1301 3500 1468 3548 Esaias,
1497 3498 1653 3550 Ionas,
1683 3498 1909 3548 Ieremias,
1938 3497 2162 3551 Baptista,
2203 3497 2421 3550 Christus,

901 3556 1072 3608 Petrus,
1101 3556 1299 3608 Iacobus,
1328 3556 1505 3607 Paulus,
1537 3562 1580 3597 et
1610 3554 1914 3609 intelligebant
1942 3564 2147 3609 quantum
2175 3555 2335 3597 bonum
2366 3556 2424 3596 sit

902 3616 1044 3657 ciuilis
1076 3616 1327 3665 concordia,
1359 3621 1405 3654 et
1434 3615 1639 3655 amabant
1667 3627 1784 3664 suos,
1813 3612 2019 3655 amabant
2041 3614 2241 3668 patriam,
2262 3624 2419 3666 magno

902 3686 999 3713 cum
1031 3673 1183 3713 dolore
1215 3673 1472 3726 spectabant
1503 3672 1684 3713 dissidia
1714 3679 1759 3713 et
1787 3671 2144 3713 dilacerationem
2183 3672 2422 3725 pulcherri-

898 3742 997 3772 mae
1026 3732 1219 3785 politiae.
1282 3727 1464 3778 Quoties
1495 3730 1768 3783 illaclirymat
1795 3729 2010 3780 Christus,
2041 3730 2221 3784 loquens
2253 3729 2308 3770 de
2336 3728 2420 3769 dis·

899 3788 1060 3843 cordiJs
1090 3794 1133 3828 et
1160 3787 1455 3828 sedicionibus
1485 3787 1630 3844 gentis
1671 3794 1714 3828 et
1753 3787 1870 3829 urbis
1917 3787 2105 3829 excidio.
2166 3785 2422 3842 Quanquam

898 3847 1035 3900 igitur
1065 3847 1140 3888 illa
1170 3845 1316 3887 ciuilia
1346 3845 1493 3887 officia
1522 3851 1566 3887 et
1596 3852 1757 3887 norant
1788 3847 1961 3899 optime,
1993 3849 2037 3886 et
2073 3846 2262 3886 maxime
2302 3856 2420 3886 ama·

897 3906 1004 3945 bant
1032 3903 1279 3957 Prophetae
1311 3911 1353 3944 et
1382 3902 1605 3955 Apostoli,
1636 3908 1781 3944 tamen
1812 3904 2078 3956 cogebantur
2109 3903 2259 3944 diuino
2298 3914 2420 3943 man-

902 3962 1003 4003 dato
1050 3962 1303 4015 belligerari
1358 3973 1455 4001 cum
1502 3973 1642 4013 regno
1687 3960 1878 4012 diaboli,
1921 3972 2167 4015 proponere
2216 3959 2421 4003 celestem

901 4019 1159 4071 doctrinam,
1190 4020 1399 4072 colligere
1430 4018 1530 4060 Deo
1560 4017 1818 4069 Ecclesiam,
1848 4024 1894 4060 et
1921 4020 2088 4062 seruire
2118 4017 2249 4059 saluti
2279 4023 2421 4059 aeter·

900 4089 983 4118 nae
1013 4077 1247 4118 multorum
1277 4077 1513 4118 hominum.
1571 4077 1669 4118 Hae
1699 4082 1799 4117 sunt
1828 4077 1990 4130 primae
2020 4077 2138 4128 leges
2180 4075 2421 4118 anteferen·
2493 4127 2499 4136 ¹

900 4135 983 4175 dac
1015 4135 1166 4175 ceteris
1197 4136 1415 4187 omnibus,
1443 4134 1549 4176 Non
1578 4133 1758 4176 habebis
1790 4135 1896 4176 deos
1925 4133 2108 4175 alienos.
2162 4132 2266 4174 Non
2297 4144 2422 4173 usur-

898 4192 1025 4247 pabis
1053 4204 1212 4233 nomen
1240 4194 1328 4235 Dei
1368 4204 1497 4235 nane.
1555 4192 1667 4234 Item
1706 4192 1760 4233 de
1802 4191 1893 4234 tilio
1933 4190 2046 4241 Dei,
2084 4189 2169 4233 Hic
2200 4197 2266 4232 est
2306 4190 2423 4233 iilius

897 4261 1019 4291 meus
1052 4249 1248 4300 dilectus.
1276 4250 1404 4293 Hunc
1432 4249 1596 4293 audite.
1634 4249 1717 4291 His
1748 4249 1918 4303 legibus
1948 4255 2130 4291 necesse
2159 4254 2225 4290 est
2253 4248 2424 4291 obtem·

893 4317 1073 4361 perure,
1112 4318 1289 4350 neeesse
1327 4313 1393 4349 est
1431 4320 1579 4350 ueram
1609 4307 1664 4349 de
1691 4307 1789 4350 Deo
1821 4308 2086 4359 doctrinam,
2127 4318 2253 4348 ueros
2284 4307 2424 4348 cultus

894 4364 1113 4419 amplecti,
1143 4371 1189 4406 et
1214 4364 1367 4419 fugere
1403 4377 1576 4408 errores
1617 4366 1956 4407 contumeliosos
1983 4367 2030 4407 in
2068 4364 2234 4417 Deum,
2274 4363 2348 4407 uel
2383 4365 2423 4407 si

893 4422 1060 4464 fractus
1090 4422 1294 4464 illabatur
1325 4422 1458 4466 orbis.
1517 4422 1654 4467 Nulla
1681 4435 1749 4465 res
1778 4424 1968 4466 humana
2003 4422 2070 4464 his
2113 4422 2199 4464 Dei
2243 4422 2423 4464 manda·

895 4482 952 4523 tis
980 4479 1266 4523 anteferenda
1294 4488 1373 4532 est,
1403 4493 1495 4523 non
1525 4482 1620 4524 uita
1647 4487 1814 4533 nostra,
1843 4493 1934 4524 non
1963 4482 2110 4534 amici,
2139 4492 2231 4523 non
2261 4479 2425 4522 ciuium

892 4539 1146 4582 eoncordia.

951 4595 1116 4639 Moises
1145 4597 1213 4637 uir
1241 4596 1581 4650 sapientissimus
1615 4602 1658 4637 et
1685 4597 1804 4638 baud
1835 4596 1965 4638 dubie
1984 4596 2206 4651 politicus,
2235 4595 2425 4649 imponit

894 4654 1026 4695 tribui
1054 4654 1280 4697 Leuiticae
1309 4664 1463 4695 munus
1492 4653 1693 4704 docendi,
1723 4666 1776 4695 ac
1805 4655 1946 4696 sciens
1977 4654 2124 4708 qualia
2151 4654 2239 4694 sint
2268 4652 2421 4695 docto-

893 4723 992 4754 rum
1021 4713 1256 4755 certamina
1282 4718 1326 4754 et
1352 4711 1564 4766 pericula,
1591 4717 1849 4765 praemonet
1876 4712 1934 4754 de
1973 4723 2053 4764 eo,
2097 4710 2215 4766 quod
2256 4709 2423 4754 iudiea-

893 4769 970 4814 bat
997 4780 1093 4813 esse
1122 4768 1448 4823 difficillimum,
1480 4773 1527 4811 et
1553 4768 1674 4811 iubet
1702 4768 1909 4813 anteferri
1936 4767 2248 4811 ‘defensionem
2289 4779 2424 4812 uerae

2505 760 2768 832 eripiatur
2804 761 3128 834 Episcopis,
3168 763 3270 818 sed
3304 762 3417 818 hoc
3452 781 3621 819 vnum
3661 767 3896 836 petitur,
3943 776 4005 823 vt
4049 785 4150 839 pa·

2504 833 2722 889 cientur
2757 832 3122 908 Euangelium
3161 852 3298 905 pure
3345 837 3569 901 doceri,
3615 847 3671 891 et
3716 835 3972 894 relaxent
4015 858 4147 910 pau·

2506 921 2607 959 cas
2645 905 2917 975 quasdam
2948 908 3392 971 obseruatione&
3429 923 3573 979 qnae
3608 909 3730 963 sine
3760 920 3995 980 peccato
4023 928 4149 967 ser-

2509 977 2634 1029 uari
2664 993 2775 1030 non
2813 988 3069 1048 possunt.
3145 977 3311 1039 Quod
3365 979 3416 1032 si
3465 978 3601 1034 nihil
3648 982 3992 1051 remiserint,
4038 983 4151 1055 ipsi

2504 1046 2775 1114 viderint,
2827 1050 3106 1121 quomodo
3162 1048 3289 1104 Deo
3343 1052 3611 1105 rationem
3677 1053 3948 1109 reddituri
4012 1056 4151 1124 sint,

2505 1118 2656 1190 quod
2684 1119 2978 1190 pertinatia
3014 1138 3118 1176 sua
3157 1138 3385 1176 eausam
3420 1123 3710 1178 schismati
3759 1127 4046 1195 praebent.
4068 1129 4149 1195 ⁹⁶)

2622 1360 2863 1405 doctrinae.
2924 1362 2998 1407 Sic
3029 1366 3145 1406 enim
3173 1367 3237 1406 ait
3264 1364 3423 1407 Dente.
3453 1366 3525 1408 33.
3556 1368 3616 1410 Hi
3649 1369 3897 1412 custodient
3926 1370 4151 1425 eloquium

2623 1425 2760 1470 tuum,
2792 1419 2865 1470 qui
2894 1426 3114 1474 parentes,
3144 1423 3319 1473 liberos,
3348 1424 3505 1465 fratres
3537 1425 3865 1470 obliuiscentur.

2679 1475 2943 1529 Experimur
2973 1485 3016 1519 et
3045 1479 3129 1533 ipsi
3159 1491 3249 1521 non
3279 1481 3375 1520 leue
3404 1494 3515 1524 onus
3547 1484 3796 1537 impositum
3825 1496 3920 1527 esse
3950 1485 4148 1530 docenti·

2621 1531 2717 1585 bus,
2747 1534 2910 1575 seuitur
2940 1536 2985 1577 in
3017 1544 3190 1577 nostros
3219 1539 3363 1579 multis
3392 1539 3521 1581 locis.
3581 1540 3676 1581 Nos
3717 1542 3802 1595 ipsi
3843 1542 4009 1585 duriter
4045 1556 4150 1599 pre-

2622 1591 2792 1643 mimur,
2822 1590 2925 1645 Ipsa
2961 1594 3089 1634 etiam
3127 1596 3296 1648 patriae
3336 1596 3557 1639 discordia
3595 1599 3720 1640 nobis
3758 1601 3980 1653 ingentem
4020 1602 4148 1645 dolo·

2622 1660 2715 1689 rem
2744 1648 2900 1691 adfert.
2962 1650 3055 1693 Sed
3083 1658 3131 1692 ut
3160 1652 3320 1693 dictum
3350 1659 3425 1703 est,
3457 1667 3636 1697 necesse
3667 1663 3734 1698 est
3771 1658 3839 1700 his
3875 1660 4044 1713 magnis
4080 1661 4148 1702 in-

2623 1706 2861 1746 commodis
2891 1706 3111 1749 anteserre
3139 1709 3388 1750 mandatum
3424 1712 3535 1765 Dei,
3575 1714 3630 1754 de
3674 1726 3780 1756 uera
3820 1715 4018 1759 doctrina
4054 1730 4148 1760 am-

2625 1764 2870 1816 plectenda,
2907 1769 2950 1805 et
2979 1764 3239 1820 abijciendis
3269 1769 3504 1810 erroribus.
3564 1770 3658 1812 Nec
3689 1773 3813 1814 nobis
3851 1774 4007 1826 ignota
4045 1779 4150 1817 sunt

2624 1832 2679 1862 ea
2708 1832 2820 1874 (luae
2851 1834 2879 1862 a
2907 1823 3188 1875 prudentibus
3220 1824 3275 1865 de
3305 1826 3449 1878 legum
3480 1830 3793 1870 mutationibus
3832 1832 3994 1885 scripta
4029 1838 4147 1885 sunt,

2620 1877 2900 1921 Meminimus
2931 1880 3051 1921 illam
3078 1881 3274 1924 l'latonis
3304 1896 3474 1935 uocem,
3505 1892 3555 1926 nt
3585 1886 3864 1930 delirantium
3901 1895 4149 1944 parentum,

2623 1935 2687 1976 ita
2716 1935 2973 1990 desipientis
3004 1939 3169 1991 patriae
3199 1952 3342 1981 mores
3373 1940 3576 1984 ferendos
3609 1957 3716 1986 esse.
3764 1944 3853 1987 Sed
3882 1946 3991 1989 haec
4020 1960 4149 2002 prae-

2624 2000 2748 2047 cepta
2775 2005 2875 2035 suas
2905 2001 3042 2036 metas
3080 1997 3263 2050 habent,
3292 1998 3492 2041 Ferenda
3534 2006 3599 2041 est
3636 2004 3824 2045 seruitus
3863 2005 3956 2046 sine
3991 2005 4149 2059 impie·

2619 2056 2723 2092 tate.
2784 2050 2887 2091 Non
2919 2053 3147 2105 probanda
3177 2061 3245 2096 est
3272 2055 3571 2108 Idolomania,
3613 2071 3701 2101 non
3730 2060 3958 2118 Euangelij
3998 2063 4149 2105 lumen

2621 2108 2977 2161 extinguendum.

2676 2165 2852 2207 Deinde
2884 2180 2959 2207 cur
2990 2169 3115 2209 nobis
3154 2170 3394 2223 aduersarij
3434 2174 3576 2215 nostri
3615 2175 3931 2217 concionantur
3969 2177 4024 2218 de
4058 2177 4150 2220 hae

2620 2224 2936 2276 moderatione,
2970 2239 3067 2266 cuni
3095 2227 3179 2281 ipsi
3208 2230 3380 2270 iuterim
3410 2230 3544 2282 ciues,
3575 2238 3618 2272 et
3646 2234 3839 2275 membra
3876 2234 4046 2276 Christi
4076 2235 4146 2278 in·

2619 2280 2849 2323 terficiant.
2920 2282 3069 2324 Facile
3112 2291 3292 2337 possent
3335 2288 3499 2328 sarcire
3544 2291 3845 2341 concordiam,
3890 2296 3935 2332 et
3975 2292 4146 2335 ordinis

2623 2340 2899 2381 autoritatem
2930 2341 3053 2391 tucri,
3084 2344 3121 2382 si
3150 2343 3341 2384 niciosos
3373 2345 3511 2386 cultus
3543 2353 3585 2386 et
3614 2348 3795 2389 iniustus
3835 2349 3956 2401 leges
3995 2350 4146 2391 abole-

2618 2403 2730 2438 rent.
2789 2395 2918 2437 Nunc
2949 2398 3156 2440 dimicant
3184 2412 3274 2441 non
3304 2402 3360 2441 de
3388 2402 3612 2445 Ecclesiae
3642 2405 3803 2456 salute,
3833 2408 3913 2447 sed
3955 2407 4011 2448 de
4052 2408 4146 2449 suis

2622 2453 2778 2507 opibus
2808 2460 2852 2494 et
2880 2455 3192 2509 uoluptatibus,
3220 2457 3390 2499 Nolunt
3425 2460 3690 2515 reprebendi
3726 2461 4061 2521 εἰδωλομανίας
4096 2465 4149 2506 in

2622 2510 2762 2553 Missa
2793 2517 2838 2551 et
2866 2511 3146 2555 inuocatione
3176 2523 3463 2570 mortuorum,
3492 2521 3594 2571 quia
3622 2521 3778 2563 nolunt
3816 2521 4000 2564 diminui
4039 2533 4147 2576 que·

2620 2575 2745 2620 stum,
2776 2568 3015 2611 defendunt
3043 2584 3178 2624 uagas
3217 2574 3445 2626 libidines,
3490 2578 3592 2629 quia
3633 2579 3876 2620 coelibatus
3922 2585 3989 2621 cst
4025 2580 4147 2623 utilis

2619 2626 2861 2668 retinendis
2891 2627 3060 2681 opibus.
3118 2630 3240 2671 Haec
3269 2643 3399 2672 nemo
3429 2646 3519 2674 nou
3559 2635 3701 2687 uidet,
3745 2635 3891 2686 Quare
3930 2638 4026 2679 illas
4064 2635 4146 2680 Se·

2620 2686 2815 2726 natorias
2845 2686 3078 2728 conciones
3110 2690 3326 2741 omittant,
3355 2691 3401 2730 in
3430 2692 3601 2744 quibus,
3631 2700 3680 2734 nt
3708 2695 3851 2736 uerbis
3895 2699 3992 2735 utar
4030 2694 4147 2737 Poe·

2621 2745 2696 2809 tae
2725 2743 2909 2795 ueteris,
2938 2746 3124 2799 σεμνοῖς
3181 2741 3383 2799 λόγοισιν
3421 2747 3596 2806 αἰσχρὰ
3634 2748 3985 2808 μηχανώμενοι,
4033 2751 4146 2807 Spe·

2623 2811 2741 2841 croso
2772 2807 2973 2854 pretextu
3003 2815 3092 2844 non
3124 2804 3355 2846 toleranda
3384 2805 3549 2859 flagitia
3578 2811 3835 2851 confirmare
3866 2810 4058 2852 student.

2679 2858 2852 2912 Adijcio
2895 2865 2939 2899 et
2978 2860 3157 2902 alteram
3187 2861 3453 2905 defensionis
3485 2871 3662 2907 nostrae
3701 2874 3870 2921 partem
3914 2880 4062 2910 ueram
4102 2872 4150 2911 et

2622 2916 2878 2968 simplicem,
2906 2916 3010 2959 Non
3039 2920 3218 2959 facimus
3249 2912 3494 2976 ἅναρχιίεν.
3543 2923 3763 2966 Docemus
3795 2926 3982 2966 maxime
4010 2936 4147 2967 uene·

2619 2972 2805 3014 randum
2835 2985 2928 3014 esse
2959 2976 3240 3017 ministerium
3280 2979 3531 3034 Euangelij,
3573 2986 3618 3022 et
3655 2981 3951 3024 obedientiam
3987 2983 4028 3024 ei
4068 2982 4146 3025 de-

2619 3030 2729 3082 beri,
2759 3032 2803 3072 in
2834 3030 2900 3072 his
2930 3045 3039 3085 quae
3069 3036 3190 3075 iuxta
3218 3033 3506 3088 Euangelium
3534 3041 3713 3092 propria
3741 3046 3841 3080 sunt
3883 3041 3977 3081 eius
4015 3041 4146 3083 mini-

2620 3089 2760 3142 sterij.
2822 3087 2985 3142 Impius
3016 3098 3060 3131 et
3087 3094 3355 3134 execrandus
3385 3102 3463 3146 est,
3493 3097 3568 3149 qui
3598 3097 3824 3150 speciosos
3841 3098 3977 3151 pedes
4006 3111 4146 3142 euan-

2623 3146 2902 3198 gelizantium
2932 3160 3097 3199 pacem,
3129 3162 3218 3192 non
3249 3162 3496 3192 reuerenter
3534 3155 3706 3207 excipit.
3767 3155 3943 3196 Deinde
3980 3162 4025 3197 et
4065 3168 4145 3210 po·

2620 3204 2745 3245 litica
2773 3210 2976 3257 potestas,
3007 3219 3116 3261 qnae
3145 3207 3337 3259 gladium
3375 3212 3512 3262 gerit,
3544 3218 3697 3253 ornata
3737 3220 3802 3253 est
3841 3214 4002 3255 nostris
4042 3213 4146 3256 lite-

2619 3262 2698 3304 ris.
2757 3261 2910 3315 ltaque
2940 3262 2995 3303 de
3024 3266 3259 3316 Anarchia,
3289 3266 3443 3309 falsum
3473 3268 3636 3310 crimen
3665 3276 3746 3312 est.

2675 3319 2805 3361 Nune
2842 3321 2971 3362 uenio
3012 3324 3071 3362 ad
3109 3326 3382 3375 questionem
3420 3326 3781 3379 propositam-de
3820 3327 3994 3382 legibus
4035 3326 4146 3382 Epi·

2620 3389 2875 3430 scoporum,
2906 3378 2960 3418 de
2990 3380 3147 3432 quibus
3174 3383 3360 3435 primum
3391 3385 3577 3425 tenenda
3605 3390 3670 3425 est
3699 3386 3852 3437 regula
3881 3386 4146 3439 certissima,

2620 3435 2739 3488 quod
2768 3436 2930 3477 nemini
2963 3437 3092 3478 liceat
3122 3440 3312 3480 condere
3351 3441 3469 3492 leges
3510 3447 3750 3495 pugnantes
3790 3456 3887 3484 enm
3926 3443 4145 3485 mandatis

2615 3491 2718 3532 Dei.
2777 3491 2896 3534 Nota
2926 3501 2990 3534 est
3020 3496 3136 3537 enini
3165 3497 3292 3540 Pauli
3333 3501 3562 3540 sententia.
3623 3499 3672 3542 Si
3714 3501 3897 3552 angelus
3939 3501 4144 3545 coelestis

2617 3550 2739 3592 aliud
2776 3548 3064 3604 Euangelium
3111 3556 3291 3607 doceat,
3335 3556 3569 3598 anathema
3611 3558 3683 3599 sit.
3742 3557 3815 3598 Ex
3858 3557 3944 3599 hoe
3984 3556 4143 3601 tunda-

2616 3613 2780 3658 ment0,
2816 3610 2935 3661 quod
2965 3611 3135 3654 firmum
3164 3619 3210 3653 et
3246 3614 3474 3656 immotum
3514 3622 3602 3666 est,
3640 3614 3769 3656 facile
3811 3616 3954 3658 extrui
3995 3622 4146 3660 cetera

2617 3673 2813 3720 possunt.
2870 3668 2964 3708 Iam
2993 3677 3080 3712 tres
3120 3672 3298 3712 ordines
3336 3678 3437 3713 sunt
3475 3672 3750 3714 decretorum
3788 3672 4141 3728 Pontificiornm,

2617 3722 2845 3774 Quaedam
2875 3725 3050 3768 decreta
3078 3735 3240 3781 cogunt
3268 3741 3459 3783 peccare,
3490 3736 3540 3771 ut
3566 3731 3640 3771 lex
3671 3731 3726 3773 de
3759 3730 3991 3783 coelibatu,
4021 3732 4144 3785 leges

2616 3782 2673 3823 de
2701 3783 2881 3835 priuatis
2913 3784 3089 3836 Missis,
3119 3787 3166 3827 in
3207 3787 3360 3840 quibus
3399 3787 3450 3828 fit
3488 3788 3656 3830 oblatio
3699 3793 3742 3828 et
3785 3788 4018 3843 applicatio
4058 3801 4143 3844 pro

2617 3840 2732 3880 uiuis
2764 3847 2807 3881 et
2834 3843 3031 3894 mortuis,
3063 3849 3105 3884 et
3134 3845 3284 3897 opinio
3314 3845 3749 3888 transsubstantionis
3780 3847 3993 3888 uic-iosam
4032 3847 4144 3889 ado-

2615 3900 2831 3940 rationem
2870 3900 3009 3953 parit,
3049 3902 3255 3944 mandata
3300 3902 3355 3944 de
3405 3904 3686 3945 inuocatione
3726 3911 4010 3946 mortuorum.
4069 3904 4145 3947 De

2614 3954 2686 3997 his
2715 3956 2885 4009 legibus
2914 3958 3045 4001 facile
3084 3967 3150 4000 est
3187 3960 3417 4012 iudicium,
3456 3962 3561 4014 quia
3600 3962 3716 4003 enim
3755 3969 3906 4016 aperte
3942 3968 4146 4016 pugnant

2617 4026 2713 4055 cum
2742 4016 2959 4058 mandatis
2989 4017 3090 4068 Dei,
3120 4018 3275 4072 regula
3301 4020 3521 4072 sequenda
3551 4027 3619 4061 est
3647 4020 3974 4073 Apostolorum,
3998 4017 4143 4075 Opor-

2615 4077 2680 4113 tet
2708 4071 2805 4114 Deo
2836 4075 2971 4126 magis
3001 4075 3181 4116 obedire
3214 4088 3341 4129 quam
3369 4076 3630 4118 hominibus.

2673 4128 2896 4173 Secundus
2928 4132 3038 4173 ordo
3072 4138 3137 4173 est
3165 4134 3335 4185 rituum,
3367 4135 3441 4187 qui
3473 4133 3529 4175 de
3575 4132 3704 4175 rebus
3747 4146 3826 4176 sua
3860 4139 4016 4176 natura
4052 4145 4144 4178 me·

2618 4187 2702 4242 dijs
2731 4189 2983 4243 loquuntur,
3012 4197 3060 4231 ut
3088 4197 3189 4231 sunt
3217 4191 3334 4243 leges
3366 4192 3420 4233 de
3462 4192 3656 4233 ciborum
3699 4196 3744 4233 ct
3785 4193 3952 4233 dierum
3986 4192 4143 4234 discri-

2615 4247 2748 4297 mine,
2778 4252 2823 4288 et
2849 4247 3059 4288 similibus
3090 4247 3234 4299 rebus,
3265 4248 3372 4289 Cum
3404 4248 3475 4291 his
3505 4248 3634 4290 rebus
3665 4249 3884 4291 adduntur
3912 4249 4144 4304 opiniones

2617 4302 2770 4354 falsae,
2820 4317 2909 4346 non
2954 4306 3040 4346 iam
3088 4312 3189 4347 sunt
3233 4307 3417 4351 mediae.
3477 4307 3671 4350 Ass-nunt
3713 4312 3857 4349 autem
3900 4306 4141 4363 aduersarii

2619 4360 2695 4414 alij
2739 4362 2900 4417 magis,
2939 4363 3014 4418 aiij
3064 4364 3205 4404 minus
3255 4362 3465 4406 absurdas
3506 4366 3759 4418 opiniones,
3801 4363 3936 4406 falsas
3978 4369 4144 4418 tamen,

2618 4426 2798 4473 propter
2828 4433 2933 4474 quas
2966 4428 3009 4462 ct
3037 4422 3157 4474 leges
3187 4422 3289 4463 illae
3319 4428 3363 4463 et
3392 4424 3500 4464 ritus
3520 4423 3756 4477 abijciendi
3771 4429 3886 4474 sunt,
3904 4433 3960 4464 ne
3984 4422 4143 4464 confir-

2615 4483 2788 4518 mentur
2832 4478 2989 4520 uieiosi
3032 4482 3185 4523 cultus.
3244 4478 3423 4523 Plurimi
3462 4480 3635 4534 fingunt
3678 4492 3813 4535 opera
3855 4480 4144 4524 humanarum
4180 4481 4184 4487 '

2617 4534 2919 4589 traditionum,
2946 4543 2995 4578 ut
3023 4537 3344 4580 satisfactiones
3375 4544 3420 4579 ει
3449 4539 3623 4591 similia,
3652 4539 3809 4580 mereri
3840 4539 4144 4581 remissionem

2616 4598 2921 4648 peccatorum,
2964 4595 3087 4637 Haec
3126 4596 3275 4649 opinio
3312 4602 3461 4653 aperte
3498 4598 3612 4639 falsa
3649 4602 3736 4649 est,
3780 4596 3985 4639 transfert
4025 4598 4143 4639 enim

2614 4649 2875 4693 beneficium
2914 4650 3075 4695 Christi
3112 4653 3160 4694 in
3199 4653 3409 4697 humanas
3454 4653 3744 4704 ceremonias,
3786 4653 3882 4697 Nee
3926 4666 4036 4709 opus
4073 4657 4143 4697 est

2614 4709 2753 4763 longa
2779 4708 3055 4764 refutatione,
3084 4723 3175 4755 uno
3203 4710 3331 4755 Pauli
3366 4712 3544 4755 numine
3583 4712 3781 4754 contenti
3815 4713 3966 4755 simus.
4024 4711 4141 4755 Eua-

2615 4769 2735 4811 enati
2762 4768 2865 4812 estis
2894 4780 2923 4812 a
2951 4768 3155 4823 Christo,
3184 4769 3259 4824 qui
3287 4769 3335 4813 in
3361 4769 3462 4824 tego
3491 4768 3810 4825 innitemini,
3846 4769 4073 4813 excidistis
4111 4780 4142 4813 a
