4966 5577
811 658 929 732 logi
985 669 1038 711 et
1094 657 1437 711 canonistae.

820 801 1224 866 conscientiae,
1307 815 1450 870 quae
1529 798 1775 854 fatentur
1836 797 1963 853 illas
2032 799 2444 854 inextricabiles

813 873 1217 944 disputationes
1255 869 1674 944 theologorum,
1723 883 1779 926 et
1825 872 2150 926 traditiones
2199 870 2444 927 infinitas
2486 905 2490 914 ·

812 948 883 1000 de
921 944 1273 1015 poenitentia,
1312 941 1633 998 horribilem
1673 943 2047 999 carnificinam
2088 945 2448 999 eonscientia-

810 1036 931 1073 rum
967 1013 1158 1070 fuisse.
1233 1015 1519 1086 Nusquam
1557 1018 1699 1070 enim
1737 1015 2035 1088 quidquam
2073 1016 2212 1070 certi
2241 1016 2449 1072 docent

811 1089 1093 1163 quomodo
1127 1089 1438 1161 'contingat
1484 1089 1734 1144 remissio
1779 1096 2171 1160 peccatorum,
2217 1088 2290 1142 de
2334 1089 2446 1144 fide

1557 493 1744 551 run..
1778 493 1956 551 nnn.
1993 492 2160 551 scm
2168 492 2314 551 r'rA
2349 493 2802 553 memnon
2834 495 2933 552 ΕΤ
2964 453 3422 556 εῩΜΒοιιοΑ.

1528 655 1702 728 idque
1758 667 2034 710 testantur
2088 673 2200 709 non
2260 653 2447 712 solum
2480 678 2492 689 ·

813 729 1062 803 ipsorum
1110 727 1513 793 bibliothecae,
1568 729 1670 781 scd
1725 729 1889 782 etiam
1938 728 2174 783 omnium
2229 728 2444 799 piorum
2486 780 2490 789 ,

4055 502 4168 561 ³8⁴

2526 652 2609 708 illi
2657 651 2954 728 Euangelij
3000 655 3152 728 quod
3199 655 3526 713 ministerio.
3550 657 3842 715 Ecclesiae
3896 662 4061 715 nobis
4106 657 4166 718 in

2528 724 2900 781 Absoiutione
2936 728 3368 796 administratur,
3406 731 3745 786 credendum
3773 733 3864 798 sit,
3903 741 4166 806 tanquam

2525 799 2654 854 voci
2693 798 2764 851 de
2799 798 2963 854 coelo
3000 799 3241 854 sonanti.

2670 868 2797 924 Hoc
2851 878 3025 924 totum
3084 870 3414 927 beneficium
3460 873 3848 929 Absolutionis
3899 885 3956 929 et
4001 873 4169 933 huin:

2524 941 3042 1068 ffissnssiiffij’nffiss.
3073 940 4018 1085 *3332⁰32232¹3rs¹2⁸2t¹323315ssffi
4050 948 4169 1076 3833

3048 1051 3065 1080 9

2486 1095 2490 1151 1
2524 1082 2736 1150 valere,
2773 1086 2878 1139 nisi
2915 1082 3267 1140 sufficienter
3319 1089 3540 1142 contriti
3588 1088 3780 1144 simus.
3856 1089 3928 1145 Et
3965 1100 4168 1162 postea

810 1177 1044 1235 prorsus
1075 1172 1163 1215 est
1199 1159 1528 1215 altissimum
1567 1158 1862 1215 silentium.
1937 1158 2051 1214 imo
2099 1159 2289 1215 iubent
2326 1177 2446 1232 per·
2484 1159 2492 1213 i
2523 1156 2787 1211 iubebant
2823 1158 3075 1212 dubitare
3105 1158 3177 1212 de
3213 1156 3587 1225 absolutione,
3616 1161 3746 1232 quia
3779 1179 3943 1215 nemo
3993 1164 4169 1220 sciret

809 1242 978 1306 petuo
1017 1233 1272 1286 dubitare
1308 1232 1379 1286 de
1427 1233 1757 1287 remissione
1803 1239 2190 1303 peccatorum,
2239 1230 2447 1287 Postea
2484 1224 2492 1288 l
2524 1244 2590 1282 se
2619 1229 2756 1282 satis
2794 1229 3092 1284 contritum
3121 1245 3269 1284 ess-e.
3326 1230 3475 1292 Quid
3509 1229 3612 1285 fuit
3646 1230 3756 1287 hoc
3791 1231 3960 1300 aliud,
3999 1252 4166 1306 quam

810 1304 1136 1360 excruciant
1182 1304 1558 1359 conscientias
1611 1305 1819 1360 acerba
1874 1303 2293 1358 enumeratione
2351 1304 2446 1359 de-

2521 1298 2814 1371 Euangelij
2874 1299 3318 1356 consolationem
3376 1304 3591 1375 eripere
3645 1305 4049 1378 consciencijS,
4108 1317 4170 1363 et

809 1375 1087 1441 lictorum,
1126 1374 1256 1430 item
1292 1373 1790 1441 satisfactionibuS,
1810 1374 2004 1437 Qualis
2044 1378 2186 1429 enim
2205 1374 2445 1446 laqueus
2523 1369 2723 1425 tollere
2762 1390 2834 1426 ex
2863 1370 3122 1427 Ecclesia
3158 1389 3228 1427 ac
3256 1391 3495 1445 prorsus·
3534 1373 3765 1431 abolere
3801 1378 4166 1434 ministerium

811 1449 1186 1503 conscientiae
1222 1446 1325 1501 fuit
1362 1447 1604 1512 traditio,
1642 1465 1787 1519 quae
1822 1448 2057 1520 precipit
2103 1449 2287 1503 omnia
2315 1464 2444 1520 pec-

809 1529 936 1575 cata
971 1518 1330 1574 enumerare?

954 1601 1384 1659 Satisfactiones
1433 1621 1572 1660 vero
1619 1607 2065 1660 obscurauerunt
2114 1607 2444 1676 beneficium

810 1677 1033 1742 Christi,
1070 1678 1198 1749 quia
1234 1677 1397 1731 etiam
1435 1677 1583 1732 docti
1633 1677 1849 1751 tingunt
1892 1693 1993 1748 per
2038 1694 2137 1731 eas
2186 1694 2444 1749 compen-

807 1752 923 1803 sari
961 1760 1243 1804 aeternam
1279 1757 1534 1804 mortem.
1606 1748 1819 1803 indocti
1865 1750 2134 1820 putabant
2179 1748 2269 1803 his
2315 1767 2444 1821 ose·

809 1822 965 1876 ribus
1002 1821 1108 1875 emi
1145 1822 1532 1875 remissionem
1568 1819 1785 1893 culpae,
1822 1820 1966 1883 Quid
2004 1822 2151 1892 quod
2203 1819 2441 1893 plerum-

808 1910 917 1965 que
952 1891 1152 1948 fuerint
1190 1891 1373 1948 cultus
1409 1909 1522 1948 non
1558 1894 1800 1960 mandati
1837 1910 1873 1947 a
1918 1890 2079 1960 Deo,
2122 1897 2444 1964 βαττολογίαι

807 1981 1066 2035 precum,
1114 1966 1496 2020 inuocationes
1542 1975 1894 2031 sanctorum,
1942 1967 2439 2038 peregrinationes,

807 2045 865 2091 et
899 2035 1012 2090 hoc
1046 2053 1224 2107 genus
1262 2035 1400 2103 alia,
1447 2036 1531 2091 lta
1578 2034 1681 2098 fuit
1729 2040 1928 2091 obruta
1976 2040 2027 2092 in
2072 2039 2184 2091 enti
2229 2055 2439 2094 aceruo

805 2105 1074 2162 inutilium
1112 2125 1178 2161 ac
1214 2107 1483 2165 malarum
1520 2110 1866 2188 opinionum,
1913 2111 2054 2181 simp
2081 2127 2150 2163 ex
2189 2110 2442 2166 doctrina

809 2181 881 2235 de
937 2180 1293 2250 poenitentia.
1376 2180 1448 2235 Et
1489 2190 1713 2235 constat
1768 2179 1953 2236 multis
2001 2179 2209 2237 seculis
2258 2185 2440 2238 bonos

806 2251 1161 2306 desiderasse
1196 2253 1505 2306 doctrinam
1544 2255 1839 2324 puriorem.

949 2337 1131 2391 Porro
1187 2339 1452 2408 precipue
1507 2354 1649 2409 opus
1706 2350 1793 2393 est
1840 2339 1897 2394 in
1933 2338 2194 2395 Ecclesia
2248 2350 2442 2395 extare

805 2408 1158 2481 purissimam
1197 2420 1250 2463 et
1286 2407 1754 2481 simpIIcissimam
1781 2411 1850 2466 de
1869 2412 2208 2483 poenitentia
2243 2413 2442 2468 doctri·

806 2498 955 2536 nam.
1011 2479 1142 2535 ldeo
1179 2480 1311 2534 huic
1347 2480 1586 2537 articulo
1626 2484 1866 2538 maxime
1898 2485 2231 2540 studuerunt
2264 2484 2444 2540 nostri

808 2551 997 2607 lumen
1021 2551 1245 2618 afferre,
1263 2569 1428 2624 quem
1463 2555 1684 2626 quidem
1720 2555 1800 2609 ita
1835 2554 2241 2627 patefecerunt,
2276 2567 2444 2630 atque

804 2623 1175 2691 illustrarunt,
1211 2634 1273 2679 vt
1309 2626 1473 2680 etiam
1510 2627 1819 2700 aduersarij
1857 2630 2132 2695 sanioreS,
2167 2625 2445 2685 fateantur

807 2697 916 2753 hac
951 2697 1006 2750 in
1044 2713 1108 2750 re
1146 2699 1289 2751 bene
1324 2698 1554 2752 meritos
1591 2715 1724 2754 csse
1761 2700 1834 2756 de
1868 2698 2146 2756 Ecclesia.

945 2768 1091 2823 Nam
1139 2767 1495 2838 simpliciter,
1538 2768 1737 2842 plane,
1774 2773 1898 2827 sine
1945 2771 2059 2828 vlla
2098 2772 2445 2844 sophistica,

802 2842 1166 2914 proponimus
1222 2839 1512 2914 Euangelij
1569 2846 1900 2898 sententiam
1957 2847 2027 2902 de
2084 2846 2443 2915 poenitentia,

803 2923 864 2968 vt
900 2911 1211 2984 intelligant
1245 2911 1529 2980 homines,
1578 2916 1859 2987 quomodo
1906 2919 1981 2972 ad
2028 2914 2314 2972 Christum
2356 2934 2444 2972 re·

807 2986 927 3042 dire
964 2986 1226 3052 debcant,
1265 2987 1545 3056 quomodo
1594 2999 2014 3060 consequantur
2056 2991 2443 3044 remissionem

803 3066 1181 3127 peccatorum,
1217 3058 1311 3127 qui
1349 3056 1566 3124 cultuS‚
1603 3077 1748 3132 quae
1785 3076 1957 3132 opera
2003 3059 2263 3132 placeant
2297 3060 2441 3117 Deo.

804 3129 1048 3185 Primum
1101 3130 1368 3185 docemus
1417 3132 1800 3185 necessariam
1848 3149 1979 3187 esse
2036 3133 2443 3196 contritionem,

803 3199 913 3254 hoc
952 3210 1040 3254 est
1080 3217 1245 3255 veros
1269 3211 1512 3257 terrores
1549 3213 1606 3258 et
1642 3201 1869 3259 dolores
1906 3206 2103 3272 animi,
2140 3206 2234 3277 qui
2270 3225 2443 3279 agno-

803 3273 916 3326 scit.
942 3271 1086 3327 iram
1120 3271 1249 3338 Dei,
1286 3284 1342 3327 et
1379 3272 1534 3329 dolet
1571 3292 1635 3333 sc
1663 3293 1959 3347 peccasse,
1998 3288 2054 3332 et
2090 3279 2291 3333 desinit
2329 3296 2442 3333 nia-

802 3341 858 3397 la
912 3354 1253 3415 perpetrare.
1329 3345 1448 3398 Etsi
1503 3358 1687 3402 autem
1748 3348 1804 3402 hi
1854 3347 2080 3405 dolores
2130 3352 2439 3424 necessarij

802 3427 955 3482 sunt,
996 3428 1177 3470 tamen
1214 3417 1500 3473 sciendum
1538 3431 1626 3474 est
1663 3421 2044 3477 remissionem
2083 3433 2441 3494 peccatorum

802 3506 913 3542 non
953 3489 1072 3542 dari
1111 3499 1336 3559 propter
1372 3491 1695 3561 dignitatem
1717 3494 2066 3548 contritionis
2103 3511 2205 3548 scu
2240 3495 2439 3550 horum

804 3558 1077 3614 dolorum.
1155 3558 1267 3614 Sed
1307 3561 1564 3617 addenda
1614 3574 1701 3618 est
1730 3566 1902 3632 fides,
1951 3567 2061 3621 hoe
2108 3576 2194 3620 est
2239 3566 2440 3621 fiducia

802 3632 1218 3686 misericordiae
1252 3636 1560 3703 promissae
1598 3650 1828 3708 propter
1865 3637 2179 3704 Christum,
2226 3648 2283 3693 et
2327 3651 2439 3692 sta-

802 3704 1068 3758 tuendum
1116 3713 1204 3758 est
1258 3707 1433 3776 gratis
1483 3710 1684 3763 remitti
1729 3722 1966 3782 peccata
2016 3726 2246 3782 propter
2284 3710 2441 3765 Chri·

799 3783 959 3831 stum.

944 3846 1083 3902 Cum
1122 3848 1229 3902 hac
1266 3847 1374 3903 fide
1411 3851 1466 3904 in
1506 3853 1814 3907 terroribus
1849 3851 1959 3907 illis
1988 3855 2269 3928 erigimur,
2309 3872 2440 3910 con-

800 3922 1087 3990 sequimur
1124 3932 1280 3976 certo
1319 3924 1704 3978 remissionem
1743 3936 2131 3994 peccatorum,
2168 3928 2315 3982 sicut
2351 3944 2440 3981 su-

798 4010 901 4063 pra
940 3995 1319 4060 ostendimus,
1373 3993 1444 4048 Et
1496 3997 1642 4050 hanc
1692 3995 1857 4052 fidem
1904 4000 2224 4069 concipiunt
2270 3998 2437 4052 animi

799 4081 868 4118 ex
917 4063 1256 4138 Euangelio‚
1303 4067 1436 4121 item
1486 4086 1556 4122 ex
1605 4067 2009 4138 Absolutionc,
2056 4088 2202 4143 qnae
2255 4069 2439 4124 Euan-

800 4134 1005 4208 gelium
1061 4139 1361 4193 annunciat
1414 4150 1470 4194 et
1525 4138 1773 4212 applicat
1828 4140 2243 4212 perterrefactis
2305 4160 2435 4196 con-

797 4209 1081 4280 sciencijs.
1158 4209 1399 4283 ideoque
1441 4214 1644 4268 docent
1689 4217 1868 4268 nostri
1915 4214 2255 4270 retinendam
2306 4231 2437 4269 esse

797 4282 853 4334 in
908 4279 1184 4336 Ecclesiis
1240 4284 1509 4353 priuatam
1560 4284 2019 4354 Absolutionem,
2064 4285 2136 4339 Et
2191 4287 2310 4341 eius
2360 4287 2438 4341 di-

795 4355 1079 4478 fnimtem'
1109 4365 1164 4409 et
1183 4365 1522 4425 potestatem
1559 4355 1796 4414 clauium
1815 4361 1964 4413 veris
1984 4368 2041 4413 et
2075 4357 2437 4432 amplissimis

821 4427 1053 4481 nudibus
1092 4438 1320 4494 ornant,
1377 4431 1528 4501 quod
1568 4429 1827 4487 videlicet
1888 4442 2141 4502 potestas
2195 4431 2435 4488 clauium

794 4498 1143 4555 administret
1178 4499 1563 4575 Euangelium‚
1585 4521 1696 4558 non
1722 4501 1905 4558 solum
1925 4504 1979 4559 in
2019 4521 2229 4575 genere
2266 4505 2437 4559 omni·

793 4572 928 4639 bus,
982 4573 1085 4627 sed
1136 4574 1302 4630 etiam
1344 4576 1601 4649 priuatim
1645 4574 1916 4649 singulis,
1963 4578 2119 4633 Sicut
2175 4573 2435 4632 Christus

793 4644 999 4716 inquit,
1047 4645 1324 4704 Lucratus
1382 4648 1496 4704 eris
1541 4646 1769 4703 fratrem
1816 4656 1924 4704 etc.
2001 4648 2070 4703 Et
2118 4649 2270 4721 quod
2304 4650 2435 4707 voci

2525 1441 2840 1515 Euangelij,
2876 1460 2980 1499 seu
3026 1455 3365 1515 potestatem
3407 1445 3683 1502 clauium?
3755 1447 3895 1510 Quis
3934 1466 4046 1504 non
4083 1449 4167 1506 vi-

2524 1516 2619 1570 det
2656 1514 2765 1569 hos
2800 1525 2914 1569 tam
2949 1516 3290 1588 pernitiosos
3330 1534 3581 1585 errores,
3620 1521 3812 1575 merito
3859 1521 4159 1593 reprehen—

2523 1603 2625 1641 sos
2665 1587 2836 1642 esse?
3621 1592 3626 1596 ’

2668 1659 2807 1715 Cum
2844 1668 3027 1713 autem
3079 1657 3379 1715 Confessio
3419 1665 3688 1733 praebeat
3730 1662 3916 1718 locum
3963 1665 4164 1735 imper·

2521 1731 2755 1785 ciendae
2792 1728 3131 1785 absolutioni
3169 1732 3460 1817 priuatim,
3505 1745 3559 1789 et
3597 1735 3735 1790 ritus
3780 1736 3903 1807 ipse
3949 1734 4162 1793 intelle-

2523 1813 2671 1858 ctum
2710 1803 3003 1874 potestatis
3041 1801 3305 1871 clauium,
3344 1814 3399 1859 et
3429 1807 3773 1861 remissionis
3807 1818 4162 1877 peccatorum

2521 1884 2822 1929 conseruet
2883 1874 2938 1928 ln
3001 1872 3239 1945 popul0,
3312 1876 3575 1933 Preterea
3623 1897 3746 1933 cum
3804 1878 3941 1935 illud
3988 1877 4164 1936 collo-

2559 1949 2707 2002 uium
2746 1964 3085 2019 magnopere
3121 1949 3321 2017 prosit,
3359 1949 3432 2003 ad
3469 1953 3781 2005 monendos
3820 1961 3876 2006 et
3910 1953 4166 2007 erudien-

2559 2035 2625 2072 os
2664 2018 2935 2084 homines,
2973 2017 3269 2091 diligenter
3307 2023 3610 2077 retinemus
3647 2025 3701 2077 in
3723 2021 3996 2078 Ecclesiis
4016 2022 4166 2080 Con·

2520 2087 2852 2157 sessionem,
2906 2090 3010 2146 sed
3065 2092 3173 2156 ita,
3229 2102 3287 2146 vt
3338 2093 3644 2149 doceamus
3686 2096 4165 2151 enumerationem

2522 2160 2850 2217 delictorum
2889 2179 3002 2216 non
3041 2179 3173 2217 esse
3209 2166 3588 2220 necessariam
3628 2168 3743 2221 iure
3795 2168 4007 2233 diuino,
4056 2183 4167 2222 nec

2521 2235 2838 2289 onerandas
2907 2250 3040 2288 esse
3109 2237 3487 2291 conscientias
3561 2236 3659 2292 illa
3731 2235 4165 2295 enumeratione.

2523 2305 2747 2361 Nullum
2786 2306 2928 2360 enim
2966 2316 3120 2360 extat
3164 2308 3218 2361 in
3270 2310 3566 2380 seripturis
3615 2309 3961 2381 Apostolicis
4043 2327 4167 2368 rae-

2524 2388 2760 2450 ceptum‚
2797 2379 2867 2431 de
2905 2376 3014 2432 hac
3052 2380 3486 2436 enumeratione.
3544 2381 3614 2436 Et
3652 2384 3893 2436 omnium
3932 2384 4004 2437 de
4028 2384 4165 2439 icto-

2523 2467 2647 2504 rum
2677 2450 2932 2506 recitatio
2970 2449 3330 2521 impossibilis
3378 2464 3497 2521 est,
3545 2455 3701 2509 iuxta
3757 2452 3892 2509 illud
3934 2452 4164 2511 Psalmi.

2522 2520 2747 2577 Delicta
2783 2523 2909 2594 quis
2949 2520 3242 2595 intelligit?
3313 2523 3450 2580 Item
3489 2525 3751 2581 leremias
3785 2525 4167 2596 ait„1’muum

2525 2603 2613 2648 est
2669 2610 2771 2650 cor
2824 2592 3062 2649 hominis
3119 2606 3177 2650 et
3231 2595 3609 2654 inscrutabile.
3695 2598 3861 2660 Quod
3915 2599 3966 2653 si
4012 2594 4167 2655 nulla

2524 2675 2780 2737 peccata,
2810 2666 2916 2720 nisi
2958 2668 3191 2722 recitata
3227 2670 3669 2736 remitterentur,
3721 2687 3999 2742 uunquam
4035 2685 4166 2741 pos·

2523 2747 2650 2792 sent
2685 2739 3047 2810 acquiescere
3068 2741 3144 2806 ²⁹)
3181 2743 3575 2808 conscientiae,
3614 2742 3743 2813 quia
3773 2741 4007 2813 plurima
4075 2757 4146 2798 eo

2524 2818 2652 2865 cata
2689 2827 2871 2882 neque
2906 2811 3116 2877 vident,
3153 2829 3334 2883 neque
3372 2814 3686 2868 meminisse
3720 2823 3972 2883 possunt.
4090 2831 4166 2872 ua

2524 2899 2595 2937 ex
2633 2899 2695 2936 re
2731 2880 2900 2937 facile
2930 2881 3162 2955 intelligi
3199 2895 3410 2955 potest,
3458 2887 3819 2942 ministerium
3862 2883 4166 2942 absolutio-

2466 2994 2473 3000 .
2524 2954 2641 3019 υἷε,
2697 2965 2751 3009 et
2808 2956 3195 3012 remissionem
3251 2975 3361 3012 non
3410 2959 3656 3029 pendere
3718 2975 3790 3014 ex
3843 2956 4166 3015 conditione

2524 3027 2974 3081 enumerationis

2669 3097 2969 3153 Testautur
3015 3111 3068 3152 et
3104 3109 3329 3155 veteres
3375 3102 3486 3157 scri
3530 3111 3683 3156 tores
3730 3117 3844 3157 non
3891 3117 4020 3157 esso
4065 3118 4164 3158 ne-

2524 3171 2829 3225 cessariam
2888 3173 3390 3240 enumerationem,
3448 3173 3493 3227 C
3518 3183 3883 3247 n·ysostomus
3921 3176 4066 3228 enim
4101 3174 4162 3230 in

2524 3240 2775 3312 Epistola
2830 3243 2904 3295 ad
2959 3242 3180 3298 Ebreos
3247 3246 3300 3297 in
3345 3247 3449 3311 uit,
3496 3246 3942 3301 Persuadeamus
3996 3246 4162 3302 nobis

2522 3331 2795 3384 peccasse
2853 3331 2993 3380 noS‚
3050 3332 3155 3369 nec
3211 3316 3265 3370 id
3306 3262 3515 3389 ‘lingua
3561 3327 3768 3372 tautum
3815 3319 4166 3390 pronunciet,

2522 3388 2622 3440 sed
2664 3387 2829 3439 etiam
2867 3386 3054 3440 intima
3099 3388 3469 3455 conscientia,
3513 3407 3618 3446 nec
3653 3400 3862 3444 tantum
3910 3391 4162 3446 dicamus

2521 3449 2787 3512 nos'esse
2825 3469 3177 3529 peccatores,
3213 3459 3314 3514 scd
3354 3462 3516 3515 etiam
3566 3472 3799 3532 peccata
3841 3460 4163 3533 specialiter

2523 3541 2925 3602 computemus
2982 3530 3111 3584 Non
3149 3532 3246 3586 tibi
3284 3532 3426 3593 dico,
3464 3544 3525 3587 vt
3562 3544 3616 3588 te
3653 3534 3861 3605 prodas
3895 3535 3950 3587 in
3980 3532 4192 3604 publi-·

2521 3620 2669 3668 cum,
2707 3618 2886 3672 neque
2925 3612 2979 3656 te
3016 3616 3078 3657 vt
3116 3605 3262 3674 apud
3299 3602 3443 3658 alios
3478 3622 3746 3673 accuseS,
3791 3606 3895 3660 sed
3930 3606 4162 3662 obedire

2519 3685 2577 3728 te
2635 3672 2765 3727 volo
2824 3672 3159 3745 Prophetae.
3233 3674 3444 3732 Reuela
3501 3676 3744 3732 Domino
3794 3680 3939 3733 viam
3988 3688 4161 3747 tuam,

2522 3762 2711 3800 coram
2747 3743 2874 3799 Deo
2913 3756 3150 3817 peccata
3186 3759 3278 3802 tua
3318 3747 3605 3816 confitere,
3640 3750 3806 3822 Apud
3850 3767 4043 3805 verum
4079 3749 4164 3806 Iu·

2520 3817 2700 3870 dicem
2759 3834 2888 3871 cum
2946 3819 3198 3873 ozatione
3254 3817 3459 3874 delicta
3512 3830 3606 3877 tua
3661 3822 3989 3895 pronuncia,
4045 3838 4162 3877 non

2521 3889 2730 3961 lingua,
2755 3892 2830 3953 ⁸⁰)
2869 3890 2972 3943 scd
3012 3892 3390 3947 conscientiae
3418 3901 3546 3948 tuae
3580 3894 3876 3960 memoria,
3922 3902 3979 3948 et
4025 3902 4162 3949 tunc

2522 3962 2743 4016 demum
2799 3976 2965 4032 spera
3021 3972 3075 4016 te
3130 3962 3567 4018 misericordiam
3635 3982 3807 4036 posse
3873 3964 4161 4038 consequi.

2523 4032 2676 4088 Haec
2718 4030 3113 4104 Chry-sostenii
3151 4037 3374 4102 concio,
3410 4054 3524 4090 non
3570 4037 3754 4093 solum
3798 4038 3988 4098 docet,
4029 4037 4164 4108 qnid

2524 4106 2595 4158 de
2632 4105 3050 4160 enumeratione
3086 4108 3432 4162 sentiendum
3469 4109 3561 4173 sit,
3600 4111 3712 4165 Sed
3739 4110 3902 4164 etiam
3947 4110 4162 4182 grauis-

2521 4177 2665 4230 sime
2721 4177 3006 4249 eoniungit
3060 4181 3440 4234 contritionem
3499 4192 3556 4236 et
3600 4181 3793 4248 fidem,
3851 4182 4010 4238 Sicut
4052 4196 4162 4236 nos

2521 4248 2935 4321 coniungiinuS‚
2973 4249 3125 4304 iubet.
3159 4252 3395 4321 primum
3430 4262 3491 4308 vt
3525 4264 3760 4324 peecata
3806 4271 3941 4309 vere
3983 4271 4161 4328 agno-

2523 4337 2767 4381 scamus,
2806 4329 2861 4374 ct
2899 4337 2969 4375 ex
3007 4323 3190 4378 animo
3229 4323 3587 4394 detestemur,
3625 4326 3824 4381 deinde
3859 4327 4024 4381 docet
4065 4326 4162 4383 ad·
4233 4381 4237 4390 ,

2514 4538 2596 4593 29)
2625 4538 2920 4595 acquiescere]
2965 4541 3030 4582 cic
3062 4544 3176 4584 roceo
3215 4538 3300 4583 Ed.
3338 4542 3409 4593 4.;
3446 4540 3531 4585 Ed.
3569 4543 3612 4589 3.
3656 4548 3822 4600 typoqr.
3870 4554 4037 4588 etv-ont
4081 4554 4156 4588 ιο-

2633 4598 2809 4653 quiesco

2514 4670 2595 4722 30)
2623 4665 2795 4727 lingua]
2823 4668 2908 4712 Ed.
2936 4669 2980 4714 8.
3007 4673 3095 4727 cyp.
3126 4682 3291 4714 mores
3321 4670 3444 4725 ligna
