4966 5577
792 547 901 607 8⁷1

797 722 943 774 mus,
969 705 1052 761 lta
1092 722 1163 760 ue
1212 702 1514 761 Sacharius
1536 708 1614 772 ⁹⁶)
1658 705 1853 777 inquit.
1926 703 2219 760 Effundam
2264 722 2437 776 super

800 778 1021 834 domurn
1116 777 1264 842 auid,
1301 785 1358 832 et
1390 793 1563 849 super
1598 776 1944 832 habitatores
1980 776 2284 833 Ierusalem
2323 778 2434 849 spi-

796 851 963 906 ritum
1021 850 1233 920 gratiae
1307 858 1362 903 ct
1423 866 1672 920 precum,
1693 852 1772 916 ⁹⁷)
1842 848 1975 904 Ideo
2050 850 2194 904 enim
2268 858 2436 904 vocat

796 921 1052 992 spiritum
1089 921 1333 993 gratiae,
1382 923 1534 993 quod
1588 920 1819 991 spiritus
1875 930 2106 976 sanctus
2157 922 2337 994 erigat
2383 930 2437 974 et

797 992 1120 1048 consoletur
1161 991 1590 1064 perterrefactus
1636 1004 1884 1059 mentes,
1938 1002 1994 1047 et
2042 1001 2277 1048 testetur
2329 1009 2438 1047 nos

795 1063 1009 1119 habere
1042 1062 1226 1119 Deum
1264 1062 1562 1135 placatum,
1598 1063 1669 1117 Et
1703 1073 1872 1119 vocat
1906 1064 2158 1135 spiritum
2191 1080 2438 1135 precum,

798 1146 859 1190 vt
907 1134 1070 1190 fidem
1109 1136 1338 1190 assidue
1382 1138 1439 1191 in
1492 1137 1848 1191 inuocatione
1901 1152 2286 1204 exerceamuS,
2361 1135 2439 1190 Vt

797 1222 901 1280 per
944 1207 1092 1261 haee
1147 1208 1412 1263 exercitia
1467 1206 1831 1263 confirmetur
1887 1206 2059 1275 fides,
2107 1217 2164 1262 et
2217 1216 2439 1263 crescat

798 1295 950 1335 noua
984 1279 1114 1333 vita.

942 1349 1015 1405 Et
1050 1367 1218 1405 verae
1253 1352 1485 1406 virtutes
1523 1352 1644 1406 sine
1683 1347 1794 1405 vlla
1833 1349 2174 1405 dubitatione
2190 1361 2321 1406 sunt
2341 1350 2438 1405 do·

799 1438 874 1478 na
908 1420 1048 1488 Dei,
1097 1422 1292 1490 Fides,
1330 1422 1663 1495 perspicatia
1708 1422 1892 1495 iudicij
1948 1423 2004 1476 in
2054 1423 2439 1477 discernendis

800 1494 1171 1566 dogmatibus,
1209 1493 1265 1548 Μ
1346 1494 1539 1550 nitudo
1578 1494 1764 1560 animi,
1796 1491 2014 1565 qualem
2052 1510 2184 1549 esse
2201 1509 2440 1549 necesse

801 1574 891 1621 est
926 1565 981 1619 in
1018 1565 1137 1630 his,
1173 1566 1265 1638 qui
1361 1564 1677 1639 uangelium
1724 1566 1934 1620 docent
1982 1574 2038 1620 et
2085 1564 2440 1631 confitentur,

800 1653 936 1692 vera
973 1635 1259 1710 diligentia
1302 1639 1358 1691 in
1405 1639 1668 1710 regendis
1704 1634 2008 1702 EcclesiiS,
2046 1654 2182 1692 vera
2230 1634 2440 1692 humili-

799 1715 915 1777 tas,
962 1725 1073 1763 non
1119 1717 1386 1780 appetere
1417 1710 1748 1780 potentiam,
1800 1725 1915 1763 non
1958 1709 2142 1782 frangi
2226 1706 2439 1780 opalari

797 1777 997 1835 fauore
1032 1789 1128 1835 aut
1164 1779 1326 1849 odio,
1380 1798 1514 1835 vera
1553 1781 1783 1836 castitas
1832 1790 1938 1835 etc.
2010 1779 2129 1837 Has
2219 1780 2439 1835 eroicas

798 1852 1033 1906 virtutes
1077 1850 1287 1907 Paulus
1331 1862 1498 1908 vocat
1555 1852 1703 1907 dona
1737 1850 1873 1915 Dei,
1921 1851 2118 1907 Roma.
2168 1853 2254 1906 12.
2328 1852 2438 1907 Ha-

797 1924 998 1978 bentes
1037 1923 1325 1979 dissimilia
1362 1926 1509 1980 dona
1546 1924 1853 1980 secundum
1888 1924 2122 1996 gratiam
2141 1924 2302 1980 nobis
2341 1926 2438 1980 da·

797 2003 929 2049 tam.
1004 1995 1073 2049 Et
1110 1996 1180 2049 de
1214 1994 1302 2050 liis
1332 1996 1509 2068 inquit
1551 1996 1624 2051 ad
1669 1994 2016 2062 corinthios,
2062 1995 2218 2051 Haec
2265 1992 2440 2051 efficit

797 2081 943 2121 vnus
999 2075 1055 2121 et
1119 2067 1263 2121 idem
1320 2068 1574 2139 spiritus,
1643 2068 1982 2123 distribuens
2038 2066 2278 2141 singulis
2326 2079 2435 2123 etc.

796 2135 983 2192 Debet
1036 2146 1218 2193 autem
1275 2140 1343 2193 ad
1393 2140 1537 2195 haer
1581 2140 1729 2196 dona
1783 2140 2055 2195 accedere
2111 2140 2436 2195 exercitatio

795 2220 1012 2276 nostra,
1053 2225 1196 2281 quae
1235 2220 1292 2264 ”t
1327 2220 1627 2266 conseruat
1663 2227 1732 2265 ea
1768 2220 1825 2265 et
1859 2220 2104 2266 meretur
2128 2213 2436 2267 incremen-

795 2289 938 2347 tum,
986 2280 1144 2337 quta
1189 2285 1354 2347 illud,
1392 2282 1632 2336 Habenti
1674 2283 1915 2337 dabitur.
1982 2281 2052 2337 Et
2088 2281 2436 2355 Augustinus

835 2350 1056 2406 reclare
1111 2354 1272 2421 dixit,
1326 2352 1570 2409 Dilectio
1625 2363 1867 2408 meretur
1914 2356 2307 2411 incrementum
2354 2355 2435 2409 di-

822 2425 1082 2490 ectionis,
1142 2442 1263 2480 cum
1308 2424 1571 2481 videlicet
1614 2436 1925 2481 exercetur.
2019 2425 2242 2481 Habent
2292 2428 2435 2481 enim

795 2495 948 2550 bona
1004 2512 1206 2584 opera,
1252 2498 1493 2569 premia,
1551 2514 1675 2552 cum
1711 2498 1769 2552 iu
1813 2495 1921 2554 hac
1972 2499 2114 2566 vita,
2156 2507 2269 2554 tum
2306 2507 2438 2569 post

797 2565 947 2621 hanc
1003 2575 1171 2623 vitam
1213 2569 1270 2622 in
1315 2569 1432 2623 vita
1478 2578 1719 2623 aeterna.
1795 2567 1940 2631 Quia
1985 2570 2129 2625 enim
2175 2568 2436 2626 Ecclesia

796 2638 853 2692 in
892 2639 1002 2694 hac
1037 2640 1153 2695 vita
1187 2640 1438 2695 subiecta
1487 2650 1575 2695 est
1621 2641 1774 2696 cruci
1821 2648 1877 2696 et
1923 2641 2089 2696 morti
2137 2640 2435 2714 corporali,

797 2710 1122 2766 differuntur
1182 2714 1429 2782 praemia
1491 2710 1614 2783 pler
1688 2728 1760 2768 ue
1815 2713 1887 2767 ad
1948 2710 2190 2769 futuram
2245 2716 2434 2781 vitam,

798 2799 943 2854 quae
980 2785 1193 2839 etiamsi
1231 2799 1332 2854 per
1367 2785 1658 2840 misericor
1698 2785 1807 2840 iam
1840 2795 1994 2841 certo
2032 2794 2262 2857 propter
2280 2785 2437 2842 Chri-

797 2862 944 2908 stum
1002 2856 1294 2928 contingit,
1348 2856 1438 2910 his
1493 2857 1586 2928 qui
1641 2855 1847 2912 fiducia
1899 2854 2109 2912 Christi
2157 2856 2435 2914 iustificati

797 2935 948 2992 sunt,
967 2935 1150 2981 tamen
1188 2928 1352 2982 etiam
1372 2938 1462 2982 est
1482 2928 1864 3000 compensatio
1883 2929 2156 2984 bonorum
2183 2946 2436 3001 operum,

796 2997 950 3052 iuxta
987 2995 1143 3069 illud,
1182 2996 1405 3055 Merces
1441 3010 1635 3054 vestra
1671 3002 1903 3071 copiosa
1940 3010 2026 3056 est
2059 3001 2119 3055 iu
2157 3001 2352 3057 coelis.

945 3067 1031 3123 Ex
1065 3067 1153 3123 his
1191 3071 1328 3125 satis
1366 3070 1556 3145 liquet,
1575 3072 1884 3127 doctrinam
1912 3072 2184 3127 bonorum
2205 3091 2434 3161 operum

798 3138 907 3195 Dei
944 3141 1253 3208 beneficio,
1298 3143 1389 3213 pie
1434 3152 1491 3199 et
1538 3152 1695 3197 recte
1741 3143 1934 3197 doceri
1970 3145 2027 3199 in
2073 3154 2281 3200 nostris
2328 3143 2435 3201 Ec-

800 3209 1006 3268 clesiis.
1062 3212 1286 3275 Quanta
1322 3213 1486 3271 fuerit
1523 3213 1655 3271 olim
1691 3216 2030 3282 obscuritas,
2063 3226 2269 3289 quanta
2304 3234 2435 3272 con-

797 3281 946 3338 fusio
985 3284 1277 3341 doctrinae
1322 3287 1391 3342 tle
1438 3288 1603 3342 bonis
1650 3287 1945 3358 operibuS,
1992 3288 2174 3343 bonae
2219 3297 2436 3344 mentes

797 3356 938 3410 satis
975 3366 1197 3423 norunt,
1234 3357 1412 3413 Nemo
1459 3358 1719 3414 monebat
1768 3361 1839 3414 de
1886 3360 2202 3416 discrimine
2245 3361 2437 3417 huma-

796 3444 990 3483 narum
1039 3429 1392 3485 traditionum
1447 3440 1504 3486 et
1546 3428 1691 3503 legis
1739 3430 1976 3485 diuinae.
2049 3431 2229 3487 Nemo
2274 3433 2437 3488 doce·

797 3501 914 3566 bat,
952 3502 1233 3572 quomodo
1269 3501 1558 3573 placerent
1595 3505 1743 3557 bona
1780 3519 1980 3574 opera,
2029 3505 2085 3557 in
2128 3514 2283 3559 tanta
2336 3521 2436 3560 no-

797 3581 918 3627 stra
953 3572 1284 3628 infirmitate.
1342 3571 1599 3647 Denique
1637 3571 1968 3629 altissimum
2005 3574 2281 3631 silentium
2318 3586 2437 3633 crat

800 3644 870 3698 de
889 3644 1018 3711 tide,
1055 3662 1165 3717 qua
1201 3662 1345 3716 opus
1382 3648 1544 3701 estin
1563 3645 1895 3700 remissione
1924 3658 2301 3733 peccatorum.
2358 3649 2435 3703 At

798 3714 1090 3786 explicatis
1128 3736 1278 3773 nunc
1313 3718 1403 3772 his
1441 3719 1639 3784 rebuS,
1668 3726 1858 3773 tenent
1886 3734 2014 3788 piae
2030 3719 2433 3788 conscientiae,

798 3787 1262 3858 consolationem,
1298 3800 1356 3845 et
1399 3800 1609 3845 certam
1657 3806 1813 3860 spem
1861 3787 2087 3858 salutis,
2134 3802 2193 3848 et
2234 3787 2434 3848 intelli-

912 3870 935 3916 t
983 3877 1154 3915 veros
1212 3861 1429 3928 cultus,
1485 3872 1540 3918 et
1593 3871 1795 3917 norunt
1846 3864 2126 3933 quomodo
2171 3862 2437 3937 placeant

853 3948 942 3999 eo,
979 3942 1036 3988 et
1074 3933 1358 4005 quomodo
1392 3935 1507 3990 sint
1543 3933 1831 4005 meritorij.
1853 3936 1933 4000 ⁸⁸)

1538 4089 1689 4148 XXI.

943 4206 1018 4265 οε)
1038 4202 1327 4261 Inuocatio
1364 4216 1453 4262 est
1468 4204 1653 4263 honos
1709 4207 1766 4263 ui
1793 4216 2003 4263 tantum
2021 4205 2149 4263 Deo
2164 4211 2241 4275 ⁹⁹)
2259 4207 2433 4264 omni-

795 4277 1007 4348 potenti
1043 4279 1379 4348 prestantius
1415 4289 1538 4347 est,
1573 4279 1703 4336 vide
1726 4281 1863 4348 'cet,
1907 4280 2052 4354 patri
2100 4289 2329 4337 aeterno
2375 4291 2435 4338 et

792 4493 875 4549 96)
905 4493 1162 4551 sachar-iae]
1196 4496 1258 4538 ot‘c
1284 4493 1368 4539 Ed.
1397 4494 1468 4549 3.;
1497 4496 1582 4539 Ed.
1609 4500 1679 4544 4.=
1706 4496 1943 4541 Zachariae

792 4561 1100 4624 97)'preeum]
1130 4568 1195 4609 eie
1221 4567 1306 4609 Ed.
1339 4569 1403 4621 ἀς
1433 4568 1519 4612 Ed.
1549 4569 1619 4614 8.=
1649 4581 1854 4624 praecum

792 4641 873 4694 98)
903 4640 1133 4683 Inuocatio
1164 4645 1229 4683 eet
1255 4639 1398 4685 hono·
1427 4661 1485 4673 -
1513 4662 1571 4673 -
1599 4640 1706 4695 quid
1735 4653 1822 4696 qua
1850 4643 1907 4684 de
1935 4654 2065 4685 eausa
2092 4648 2302 4687 mutatum
2331 4642 2424 4700 ult]

909 4696 1630 4754 οἱολίοὸηὒορσατ.ι”οῧά.8.
1662 4700 1966 4754 οαὶαιιοοκς
2002 4702 2176 4745 mitt
2210 4699 2352 4744 nain
2383 4703 2425 4746 1.

1541 545 1735 604 Prin..
1772 545 1947 604 MEL.
1981 544 2299 604 SCRIPTA
2331 542 2915 603 DOGMATICA’ET
2950 543 3405 603 SYMBOLmA.

4030 546 4159 608 ‚3⁷2

2514 702 2629 760 filio
2667 704 2787 760 eius
2822 720 2893 757 ac
2928 703 3202 759 seruatori
3239 713 3436 758 nostro
3475 703 3601 757 lesu
3640 700 3901 772 Christo,
3951 713 4007 759 et
4043 705 4158 776 spi·

2514 778 2640 832 ritui
2676 784 2906 837 sancto,
2942 775 3032 829 Ac
3059 774 3350 847 proposuit
3386 775 3550 829 nobis
3589 773 3748 829 Deus
3786 773 3961 832 filium
3990 793 4159 833 suum

2515 847 2695 904 lesum
2733 848 3017 903 Christum
3054 846 3414 903 mediatorem
3450 855 3506 901 et
3541 846 3861 916 pontificem
3899 845 4159 920 interpel-

2515 918 2723 974 lantem
2779 935 2883 990 pro
2937 919 3123 972 nobiS.
3198 918 3437 990 Propter
3480 917 3631 973 hunc
3685 917 3872 974 solum
3921 929 4161 976 testatur

2515 1002 2740 1046 nostras
2776 1007 2979 1061 preces
3016 989 3197 1046 audiri
3234 999 3290 1043 et
3326 990 3531 1060 accipi,
3570 988 3727 1046 quta
3762 988 3932 1058 illud,
3985 991 4161 1053 Quid·

2516 1064 2649 1135 quid
2685 1063 2955 1135 petieritis
2992 1072 3209 1134 patrem
3247 1063 3301 1114 in
3338 1062 3563 1115 nomine
3597 1078 3754 1130 meo,
3790 1063 3946 1118 dabit
3973 1065 4159 1121 vobis.

2516 1134 2680 1202 ltcm,
2734 1135 2897 1189 Vnus
2944 1144 3033 1189 est
3068 1134 3340 1188 mediator
3375 1130 3483 1189 Dei
3530 1143 3588 1188 et
3622 1133 3924 1190 hominum.
3996 1134 4158 1210 Ergo

2516 1209 2847 1261 inuocantes
2895 1204 3100 1273 Deum,
3148 1204 3384 1260 offerant
3427 1220 3565 1260 suas
3610 1221 3808 1276 preces
3884 1223 3946 1262 er
3982 1205 4159 1266 fllium

2516 1277 2656 1345 Dei,
2699 1279 2848 1333 sicut
2901 1279 2956 1331 in
3006 1277 3116 1332 line
3160 1292 3390 1348 precum
3429 1277 3489 1330 in
3524 1274 3784 1332 Ecclesia
3870 1279 3943 1333 ici
3988 1277 4159 1349 solet,

2519 1349 2628 1405 Per
2664 1349 2844 1405 lesum
2882 1348 3161 1404 Christum
3199 1358 3309 1403 etc.
3363 1348 3520 1403 Haec
3557 1349 3627 1402 de
3664 1346 4022 1406 inuocatione
4058 1353 4161 1408 do-

2520 1422 2634 1476 ceri
2672 1437 2909 1476 neccsse
2937 1432 3054 1486 est,
3103 1421 3246 1475 sicut
3289 1418 3429 1475 alias
3476 1422 3761 1491 copiosius
3805 1421 3877 1476 de
3922 1421 4157 1480 lnuoca·

2518 1494 2670 1549 tione
2708 1494 2885 1547 nostri
2920 1494 3296 1563 scripserunt,
3333 1490 3581 1547 Econtra
3622 1509 3761 1548 vero
3809 1494 4056 1551 taxanda
4100 1504 4159 1553 et

2519 1582 2591 1620 ex
2619 1563 2879 1620 Ecclesia
2914 1582 3150 1636 prorsus
3186 1564 3459 1637 eijcienda
3493 1574 3581 1620 est
3617 1567 3968 1621 consuetudo
3998 1565 4157 1623 inuo-

2471 1660 2479 1705 l
2520 1638 2684 1692 candi
2720 1644 2950 1691 sanctos
2988 1635 3273 1702 homines,
3322 1637 3418 1707 qui
3464 1651 3535 1692 ex
3578 1634 3688 1691 bac
3733 1639 3847 1692 vita
3894 1639 4156 1695 decesse-

2517 1719 2668 1835 w
2682 1705 3107 1835 .¹l¹¹³i<!².{,‘}.'2;'⁸
3144 1706 3379 1835 iffi?
3390 1705 3666 1835 3323?
3681 1710 4157 1853 ffssfflffoffiffi

3077 1819 3094 1846 2

2469 1867 2480 1955 i
2517 1853 2669 1980 323?
2684 1853 2918 1979 ,ηῗῖιῗὲὲ
2949 1853 3222 1981 ziam
3249 1855 3589 1979 sim?
3620 1854 4160 1991 33‡?21¹÷¹,¹¹z.‘⁶1‚¹;¹.¹.⁵i
4203 1959 4214 1966 .

2630 2141 2673 2183 2.
2705 2141 2770 2181 εἰσ
2799 2140 2974 2194 [ey-itur.-
3003 2140 3074 2181 Dc
3104 2140 3224 2181 cultu
3253 2137 3515 2181 Sanctorum
3547 2140 3721 2192 docent,
3752 2164 3807 2172 --
3838 2165 3893 2174 —-
3922 2143 4071 2198 aliqua
4100 2155 4157 2186 οι

2634 2205 2757 2251 parte
2789 2198 2969 2239 correcti
3009 2204 3126 2239 sunt.
3164 2197 3277 2251 (eide
3313 2209 3440 2253 supra
3463 2210 3508 2252 p.
3540 2199 3642 2242 289.
3684 2199 3756 2240 lia.
3794 2200 3866 2243 22.
3898 2223 3953 2231 —
3975 2215 4026 2258 p.
4053 2201 4160 2246 292.

2633 2254 2705 2296 lin.
2735 2255 2816 2306 8.),
2846 2268 2930 2296 aaa
2958 2259 3118 2297 tentum
3146 2267 3245 2297 voce
3271 2254 3357 2296 Ed.
3373 2256 3415 2299 2.
3444 2253 3498 2296 ab
3526 2253 3609 2296 Ed.
3644 2258 3681 2300 l.
3713 2256 3757 2296 in
3788 2255 3864 2299 Ιιοο
3881 2262 3968 2301 cre.
4000 2257 4157 2315 ΕΜ,

2629 2311 2786 2355 eeili'cae
2808 2325 2888 2367 pro
2916 2310 3074 2356 verbis:
3104 2313 3335 2364 videlicet,
3368 2320 3414 2353 vt
3451 2313 3679 2353 inuocetur
3723 2315 3845 2369 (quae
3882 2315 4076 2370 leyunrm·
4110 2329 4156 2373 p.

2627 2370 2727 2415 290.
2756 2369 2829 2413 lin.
2862 2370 2976 2422 10.)‚
3006 2369 3089 2411 Ed.
3119 2372 3162 2414 2.
3194 2368 3337 2412 habet:
3369 2370 3596 2421 uidelicet,
3628 2378 3672 2411 et
3701 2380 3749 2413 ut
3776 2374 4011 2415 inuocem:

2514 2440 2594 2496 99)
2623 2440 2853 2482 Inuooatio
2885 2446 2952 2482 est
2979 2439 3120 2482 honos
3149 2443 3225 2496 qui
3255 2447 3419 2484 tantum
3450 2442 3549 2485 Deo
3582 2465 3638 2473 —
3668 2465 3724 2474 —
3754 2444 3987 2497 prudentia
4013 2445 4060 2488 iu
4084 2457 4159 2488 ae-

2630 2500 2959 2541 commodandis
2989 2500 3200 2553 exemplis
3235 2511 3344 2554 opus
3385 2497 3485 2556 σει]
3532 2498 3633 2541 haec
3666 2501 3790 2555 prior
3825 2499 3946 2544 buia
3983 2502 4163 2546 msice&

2621 2567 2731 2611 para
2764 2556 2810 2597 in
2844 2555 2931 2597 Ed.
2970 2557 3015 2600 4.
3045 2555 3176 2599 denuo
3214 2558 3278 2599 eie
3323 2562 3578 2600 retractatae
3622 2566 3707 2599 eet:
3754 2559 3826 2600 De
3871 2561 4156 2603 ueneratione

2629 2620 2874 2656 sauctorum
2905 2614 3080 2666 docent,
3110 2614 3228 2667 quod
3258 2615 3364 2655 utile
3394 2616 3451 2656 sit
3470 2621 3716 2656 sanctorum
3756 2619 4010 2659 memoriam
4055 2629 4159 2673 pro·

2629 2682 2816 2725 ponere,
2864 2676 2912 2711 ut
2959 2683 3109 2713 eorum
3161 2673 3370 2726 exemplis
3406 2671 3536 2713 fidem
3585 2678 3780 2714 nostram
3830 2674 4154 2728 confirmemus,

2628 2727 2741 2770 Item
2769 2734 2818 2768 ut
2846 2730 2994 2770 eorum
3021 2728 3150 2770 fldem
3183 2735 3226 2771 et
3264 2730 3382 2771 bona
3416 2740 3551 2784 opera
3589 2730 3804 2773 imitemur
3840 2739 4046 2786 quantum
4081 2744 4157 2775 cu·

2628 2787 2783 2840 iusque
2808 2787 2987 2828 uocatio
3019 2787 3223 2842 requirit,
3262 2793 3310 2827 ut
3343 2786 3507 2829 Caesar
3546 2788 3791 2842 exemplum
3830 2790 4021 2832 Dauidis
4058 2790 4158 2832 imi·

2630 2844 2714 2884 tari
2744 2849 2908 2897 potest,
2938 2845 2983 2886 in
3015 2844 3131 2887 bello
3163 2845 3358 2897 gerendo
3395 2846 3453 2886 ad
3492 2846 3767 2899 repellendo·
3808 2846 4004 2900 Turcae,
4041 2846 4159 2890 Nam

2629 2906 2810 2953 uterque
2839 2900 2936 2944 Rex
2966 2908 3045 2944 est.
3105 2900 3323 2943 Debemus
3354 2903 3486 2944 etiam
3515 2904 3681 2956 gratias
3707 2901 3806 2945 Deo
3835 2916 3995 2957 agere,
4035 2904 4160 2958 quod

2629 2962 2719 2999 tam
2758 2958 2896 2999 multa
2935 2964 2981 3000 et
3017 2959 3214 3012 gloriosa
3253 2960 3453 3015 exempla
3490 2961 3812 3002 misericordiae
3850 2974 3955 3004 auae
3991 2974 4159 3017 propo·

2629 3016 2767 3056 suerit
2794 3016 3019 3058 Ecclesiae
3049 3018 3093 3059 in
3125 3018 3309 3069 nanctis,
3339 3017 3450 3060 Item
3480 3019 3597 3072 quod
3635 3019 3879 3062 Ecclesiam
3916 3019 4139 3074 palchen-l

2628 3074 2710 3114 mis
2741 3072 2869 3115 donis
2898 3086 2950 3115 ac
2978 3075 3207 3116 uirtutibus
3236 3081 3481 3117 sanctorum
3512 3077 3756 3128 ornauerit,
3795 3076 4026 3119 Laudandi
4055 3082 4161 3120 suut

2630 3134 2675 3171 et
2704 3130 2790 3184 ipsi
2819 3132 2975 3183 saneti,
3005 3134 3080 3187 qui
3110 3132 3238 3174 donis
3265 3130 3352 3174 Dei
3382 3135 3452 3187 pie
3480 3135 3551 3175 usi
3578 3141 3692 3185 sunt,
3723 3136 3796 3189 qui
3826 3135 3884 3176 ad
3914 3136 4159 3177 ornandam

2629 3187 2871 3229 Ecclesiam
2904 3191 3181 3231 contulerint.
3244 3190 3475 3232 Caeterum
3504 3191 3716 3245 scriptura
3745 3204 3836 3233 non
3875 3191 4004 3235 docet
4031 3193 4157 3236 inuo-

2632 3256 2732 3286 care
2761 3251 2954 3298 sanctos,
2984 3258 3060 3287 seu
3090 3247 3302 3289 auxilium
3334 3259 3360 3290 a
3387 3249 3549 3289 nanctis
3579 3256 3741 3302 petere,
3771 3250 3852 3291 sed
3881 3262 4012 3292 unum
4028 3249 4156 3293 chri·

2630 3307 2744 3344 atum
2774 3302 2900 3345 nobis
2931 3306 3140 3359 proponit
3169 3306 3469 3357 mediatorem,
3497 3306 3864 3360 propiciatorem,
3900 3306 4159 3362 pontificem

2632 3365 2677 3400 et
2703 3360 3051 3402 intercessorem.
3110 3361 3180 3405 De
3209 3362 3295 3404 hoe
3324 3362 3534 3405 habemus
3565 3370 3800 3418 praecepta
3827 3370 3872 3405 et
3900 3366 4155 3419 prom-iasio-

2631 3428 2725 3467 πει,
2754 3422 2803 3458 ut
2831 3424 2875 3459 et
2900 3419 3040 3474 ipsum
3074 3420 3352 3472 inuocemue,
3394 3427 3439 3462 et
3474 3426 3716 3463 statuamus
3759 3421 3961 3464 exaudiri
4001 3433 4157 3478 preces

2629 3479 2817 3526 nostras,
2846 3487 2942 3517 cum
2971 3476 3027 3518 ad
3057 3476 3173 3519 hunc
3202 3477 3454 3531 pontificem
3497 3485 3541 3519 et
3579 3479 3908 3522 intercessorem
3953 3480 4156 3535 confugi-

2629 3544 2750 3583 mus,
2789 3534 2902 3574 sicut
2930 3535 3074 3589 inquit
3121 3534 3246 3577 Ioan.
3287 3537 3357 3581 16.
3389 3534 3612 3591 Quicquid
3649 3536 3864 3589 petieritis
3900 3545 4073 3592 patrem
4107 3539 4156 3581 in

2629 3590 2808 3631 nomine
2836 3603 2949 3642 meo.
2979 3591 3104 3633 dabit
3133 3593 3278 3635 uobis.
3337 3593 3394 3634 Et
3421 3593 3545 3635 Ioan.
3578 3594 3649 3638 14.
3680 3592 3901 3649 Quicquid
3939 3596 4156 3651 petieritis

2628 3647 2676 3689 in
2704 3648 2883 3689 nomine
2913 3661 3026 3700 meo,
3055 3649 3100 3691 id
3128 3650 3302 3702 faciam,
3333 3650 3459 3692 Haec
3487 3652 3738 3694 testimonia
3765 3653 3919 3696 iubeat
3945 3653 4003 3695 ad
4025 3652 4155 3697 chri-

2629 3712 2745 3746 stum
2786 3705 3046 3760 confugere,
3084 3707 3234 3749 Iubent
3268 3715 3319 3750 ut
3353 3708 3576 3752 Christum
3613 3711 3849 3751 sentiamus
3885 3722 3983 3753 esee
4020 3712 4156 3754 iater-

2631 3774 2863 3813 ceo-orem,
2909 3770 2955 3807 et
2987 3766 3280 3819 placator-em,
3319 3766 3471 3808 iubent
3507 3773 3559 3808 ut
3598 3767 3866 3809 confidamus
3901 3779 3986 3809 noe
4021 3779 4155 3811 exau·

2631 3819 2718 3862 diri
2746 3832 2775 3861 a
2803 3827 2930 3873 patre
2958 3829 3136 3876 propter
3174 3822 3410 3865 Christum.
3467 3822 3538 3865 De
3575 3826 3736 3866 sanetis
3766 3836 3896 3878 uero,
3934 3837 4018 3869 uec
4052 3837 4154 3882 pre-

2630 3883 2770 3932 cepta,
2799 3889 2880 3919 nec
2907 3880 3214 3934 promissiones
3251 3893 3334 3923 nec
3372 3880 3574 3937 exempla
3606 3888 3708 3924 sunt
3744 3882 3792 3924 in
3827 3882 3940 3925 hauc
3975 3888 4155 3925 senten·

2629 3937 2735 3978 tiam
2763 3937 2811 3978 in
2840 3938 3080 3992 scripturis.
3130 3938 3190 3980 Et
3217 3939 3474 3982 obscuratur
3502 3937 3696 3982 officium
3725 3946 3772 3982 et
3796 3938 3940 3983 honos
3975 3939 4156 3992 Christi.

2629 4006 2725 4035 cum
2754 3992 2955 4036 homiues
2984 3995 3239 4048 confugiunt
3266 3997 3325 4038 ad
3352 4002 3523 4038 sanctos
3553 4002 3597 4038 et
3624 3997 3706 4038 hos
3735 3997 3903 4040 ducunt
3940 4009 4036 4041 ease
4064 4009 4156 4040 me-

2629 4052 2824 4093 diatores
2855 4063 3018 4107 eosque
3045 4053 3277 4106 innocent,
3323 4061 3368 4096 et
3406 4055 3487 4097 eibi
3522 4054 3696 4108 fingunt
3730 4056 3984 4110 opinionem
4053 4067 4157 4098 eeu*

2629 4116 2724 4150 ctos
2754 4119 2848 4149 esse
2879 4109 3171 4163 benigniores,
3202 4117 3332 4167 atque
3360 4113 3424 4153 ita
3450 4111 3681 4167 fiduciam,
3721 4113 3914 4156 debitam
3953 4087 4155 4166 clu-into,

2628 4166 2896 4209 transferunt
2921 4168 2969 4209 in
2999 4173 3189 4212 sanctos.
3249 4170 3313 4209 At
3339 4168 3503 4212 Paulus
3532 4171 3698 4228 inquit,
3735 4171 3862 4213 Vnus
3891 4176 3961 4215 est
3986 4171 4156 4214 media-

2629 4230 2703 4265 tor
2729 4222 2819 4265 Dei
2848 4230 2892 4266 et
2917 4224 3153 4268 bominum.
3214 4226 3343 4268 Hunc
3372 4228 3508 4281 igitur
3537 4229 3696 4270 cultum
3724 4229 3934 4285 precipue
3966 4229 4157 4283 requirit

2628 4281 2845 4333 Christus,
2874 4287 2924 4323 ut
2951 4285 3190 4325 sentiamus
3221 4284 3279 4326 ad
3315 4285 3455 4339 ipsum
3487 4285 3825 4339 confugiendum
3853 4297 3971 4338 ease,
4010 4287 4156 4341 ipsum

2629 4350 2725 4381 esee
2754 4338 3100 4392 intercessorem.
3129 4348 3310 4396 propter
3338 4353 3467 4398 quem
3496 4351 3616 4386 certo
3647 4344 3933 4386 exaudiamur
3961 4349 4048 4387 ete.

2684 4394 2736 4438 In
2761 4396 2925 4452 reliqua
2952 4397 3075 4441 lactu·
3104 4398 3425 4500 micalidpme
3440 4399 3538 4444 inde
3565 4416 3594 4443 a
3620 4400 3781 4445 ver-bie:
3820 4401 3944 4443 Haec
3983 4412 4156 4445 summ

2628 4460 2696 4497 eet
2724 4454 2949 4498 doctrinae
2978 4462 3057 4499 ete.
3089 4469 3220 4513 mque
3248 4472 3276 4499 a
3334 4455 3486 4502 ver-hm
3518 4459 3623 4514 quid
3652 4472 3739 4514 qua
3768 4460 3822 4501 de
3852 4469 3985 4501 eausa
4011 4464 4153 4502 muu-

2624 4513 3816 4573 tumsqud.4.ccmEd.8.onninocoaqr-uit,
3860 4521 4154 4573 σοσμοωο

2624 4569 2727 4622 1000,
2756 4582 2872 4627 quern
2897 4571 2944 4613 in
2969 4583 3053 4629 aeq.
3081 4578 3181 4614 eota
3209 4574 3309 4618 101.
3337 4573 3566 4631 affer-emm

2510 4642 2619 4698 ιω)
2646 4641 2810 4698 motus]
2857 4643 2923 4685 n'e
2946 4648 3060 4687 recu
3101 4643 3351 4688 reum-tiores
3397 4643 3856 4714 Effera-esbioeat,
3890 4652 3946 4714 *ut
3981 4644 4151 4694 urob.

2625 4699 2824 4742 Weber
2849 4713 2897 4743 ea
2923 4699 3240 4757 stemate
3266 4702 3328 4745 aa
3350 4703 3494 4749 saa-a
3522 4700 3928 4747 mea-omo
3955 4703 4148 4750 alsm-

2464 2527 2477 3182 Ι
