4966 5577
776 552 782 560 ’
884 559 997 619 407

890 718 979 774 13.
1024 716 1153 773 Non
1198 733 1501 789 possumus
1550 713 1756 787 aliquid
1808 726 2005 770 contra
2053 717 2372 781 veritatem,
2426 717 2530 770 sed

888 808 992 863 pro
1020 790 1274 845 veritate.
1310 788 1467 854 Item,
1505 785 1656 841 Data
1690 795 1779 841 est
1814 789 1980 866 nobis
2003 796 2257 859 potestas
2292 788 2365 842 ad
2383 788 2529 842 aedi—

888 863 1224 927 ficationem,
1261 878 1374 914 non
1411 860 1483 914 ad
1520 859 1978 914 destructionem.
2036 859 2133 915 Sic
2169 868 2227 914 et
2264 857 2527 914 Ganones

927 934 1248 1004 raecipiunt.
1285 933 1339 985 2.
1378 949 1433 1004 q.
1452 932 1506 984 7.
1544 928 1683 1003 Cap.
1704 929 2069 998 Sacerdotes,
2099 940 2155 986 et
2173 929 2314 1003 Cap.
2353 929 2529 986 OueS.

887 952 959 1061 Et
1011 1003 1362 1077 Augustinus
1421 1012 1614 1058 contra
1660 1001 1918 1058 Petiliani
1970 999 2280 1074 Epistulam
2335 1003 2530 1074 inquit,

887 1076 1011 1132 Nec
1049 1073 1340 1132 catholicis
1379 1073 1677 1146 Episcopis
1718 1074 2175 1130 consentiendum
2206 1084 2309 1136 est,
2347 1076 2530 1131 sicubi

887 1145 1036 1204 forte
1071 1144 1356 1214 falluntur,
1393 1154 1491 1200 aut
1537 1155 1734 1200 contra
1779 1144 2096 1204 Canonicas
2141 1144 2251 1201 Dei
2298 1148 2530 1219 scriptu·

888 1236 989 1276 ras
1024 1217 1236 1292 aliquid
1272 1219 1527 1273 sentiunt.

1037 1290 1102 1345 Si
1157 1309 1320 1362 quam
1377 1289 1585 1344 babent
1638 1288 1807 1344 aliam
1860 1287 1957 1343 vel
2019 1296 2382 1360 potestatem,
2438 1286 2532 1344 vel

890 1362 1033 1417 luris
1071 1364 1368 1417 dictionem
1405 1360 1458 1415 in
1499 1361 1909 1432 cognoscendis
1948 1362 2116 1415 certis
2154 1361 2363 1428 causiS,
2383 1362 2531 1416 vide-

890 1432 1027 1492 licet
1062 1433 1416 1504 matrimonij,
1454 1443 1550 1485 aut
1588 1433 1924 1488 decimarum
1981 1442 2088 1488 etc.
2125 1430 2274 1487 hanc
2322 1432 2532 1489 habent

889 1505 1133 1562 humano
1173 1506 1312 1570 iure,
1353 1504 1461 1558 Vbi
1500 1505 1853 1560 cessantibus
1893 1504 2211 1575 ordinarijs,
2249 1513 2531 1577 coguntur

892 1578 1182 1648 Principes
1221 1574 1314 1631 vel
1362 1576 1547 1643 inuiti,
1602 1577 1721 1631 suis
1765 1574 2005 1630 subditis
2055 1575 2144 1631 ius
2194 1574 2412 1642 dicere,
2468 1586 2529 1632 vt

890 1667 1003 1722 pax
1035 1649 1353 1703 retineatur.

1034 1719 1268 1774 Praeter
1301 1719 1442 1773 haec
1492 1719 1834 1790 disputatur,
1882 1727 2063 1773 vtrum
2109 1716 2375 1790 Episcopi
2425 1734 2531 1774 seu

888 1801 1150 1864 pastores
1185 1792 1431 1845 habeant
1464 1790 1552 1845 ius
1588 1789 1914 1845 instituendi
1952 1790 2299 1845 ceremonias
2336 1789 2393 1846 in
2427 1790 2530 1845 Ec·

892 1861 1102 1929 clesia,
1150 1872 1205 1917 et
1253 1861 1413 1935 leges
1468 1860 1539 1915 de
1589 1861 1752 1927 cibis,
1807 1858 1998 1934 feriJS,
2052 1861 2319 1934 gradibus
2361 1864 2528 1918 ,mini-

890 1945 1170 2000 str-orum,
1223 1950 1328 1989 seu
1382 1933 1667 1987 ordinibus
1724 1930 1833 1987 etc.
1890 1934 2185 1991 condendi.
2267 1932 2392 1991 Hoc
2438 1936 2526 1990 ius

892 2007 988 2078 qui
1024 2006 1273 2060 tribuunt
1309 2004 1642 2076 Episcopis,
1678 2002 1929 2077 allegant
1974 2005 2364 2073 testimonium,
2413 2007 2528 2061 Ad·

888 2076 1003 2136 huc
1032 2075 1204 2131 multa
1249 2075 1433 2131 habeo
1482 2075 1647 2131 vobis
1694 2076 1914 2141 dicere,
1967 2078 2072 2131 sed
2123 2094 2236 2131 non
2291 2080 2529 2150 potestis

889 2159 1118 2221 portare
1154 2150 1343 2214 modo,
1380 2165 1507 2203 cum
1542 2155 1728 2202 autem
1763 2148 1982 2203 venerit
1999 2145 2096 2203 llle
2114 2165 2146 2201 s
2187 2149 2346 2206 iritus
2387 2153 2530 2206 veri-

893 2221 1051 2287 tatis,
1076 2221 1301 2275 docebit
1334 2236 1443 2276 vos
1479 2235 1698 2273 omnem
1733 2220 2034 2275 veritatem.
2078 2219 2155 2274 At
2179 2231 2348 2293 egam
2363 2223 2529 2278 etiam

890 2289 1207 2364 exemplum
1284 2288 1714 2363 Apostolorum,
1770 2291 1863 2361 qui
1922 2290 2325 2362 prohibuerunt
2398 2295 2528 2349 abs-

897 2366 1076 2420 tinere
1123 2380 1158 2417 a
1207 2364 1514 2436 sanguine,
1553 2370 1609 2416 et
1645 2360 1939 2416 suffocato.
2012 2360 2280 2437 Allegant
2323 2367 2526 2421 sabba·

887 2446 1004 2491 tum
1040 2441 1308 2489 mutatum
1347 2435 1403 2488 in
1456 2435 1599 2487 diem
1637 2432 1990 2489 Dominicum
2039 2446 2238 2491 contra
2283 2435 2528 2492 Decalo-

888 2524 1039 2581 gum,
1077 2515 1138 2560 vt
1173 2505 1410 2560 videtur.
1464 2504 1588 2562 Nec
1624 2502 1799 2559 Vllum
1821 2504 2130 2577 exemplum
2158 2509 2339 2581 magis
2358 2509 2527 2564 iacta-

888 2588 983 2634 tur
1037 2584 1202 2649 quani
1254 2577 1483 2632 mutatio
1539 2575 1777 2631 sabbati.
1866 2575 2129 2650 Magnam
2186 2580 2529 2636 contendunt

887 2647 1182 2705 Ecclesiae
1261 2655 1553 2704 otestatem
1602 2662 1765 2714 esse,
1818 2650 1970 2719 quod
2000 2650 2414 2722 dispensauerit
2456 2651 2528 2707 de

887 2729 1188 2793 praecepto
1283 2718 1517 2791 ecalogi.

1033 2796 1113 2855 ss)
1137 2791 1253 2847 Sed
1288 2791 1360 2846 de
1407 2790 1518 2847 isac
1594 2792 1888 2848 uaestione
1933 2794 2112 2849 nostri
2167 2794 2253 2851 sic
2301 2796 2528 2862 docent,

927 2864 1040 2920 uod
1092 2862 1359 2935 Episcopi
1405 2880 1520 2918 non
1615 2866 1787 2920 abent
1852 2874 2188 2936 potestatem
2242 2867 2527 2923 statuendi

946 2931 1094 3007 iquid
1132 2944 1330 2989 contra
1353 2933 1740 3006 Euangelium,
1791 2943 1853 2988 vt
1889 2952 1958 2992 su
1999 2955 2064 2992 ra
2099 2946 2389 2994 ostensum
2418 2950 2525 3006 est,

887 3006 1113 3062 Docent
1148 3006 1293 3061 idem
1331 3005 1591 3060 Canones
1627 3005 1681 3062 9.
1721 3006 1924 3061 Distin.
2003 3023 2134 3062 orro
2155 3019 2353 3064 contra
2388 3011 2528 3065 scri-

886 3086 1108 3150 pturam
1145 3086 1253 3142 est,
1288 3077 1615 3132 traditiones
1653 3077 1899 3134 condere
1926 3087 2022 3133 aut
2058 3081 2307 3153 exigere,
2343 3091 2404 3137 vt
2423 3098 2525 3154 per

888 3166 1011 3203 eam
1049 3150 1500 3204 obseruationem
1538 3166 1849 3204 mereamur
1893 3151 2278 3207 remissionem
2325 3170 2524 3224 pecca·

887 3229 1072 3275 torum
1127 3229 1182 3274 et
1237 3217 1644 3276 satisfaciamus
1698 3236 1804 3292 pro
1859 3224 2134 3294 peccatis,
2153 3227 2234 3290 ⁸⁴)
2288 3224 2523 3281 Leditur

887 3292 1033 3347 enim
1072 3290 1254 3366 gloria
1289 3293 1467 3346 meriti
1507 3290 1733 3360 Christi,
1773 3310 1898 3349 cum
1934 3293 2141 3351 talibus
2178 3296 2525 3352 obseruatio-

882 3366 1049 3418 nibus
1086 3380 1354 3418 conamur
1389 3365 1589 3418 mereri
1636 3366 2022 3422 remissionem
2066 3377 2423 3439 peccatorum
2469 3377 2527 3423 et

882 3435 1348 3492 iustificationem.
1370 3438 1447 3503 ⁸⁵)
1538 3434 1776 3492 Constat
1841 3446 2026 3492 autem
2095 3450 2324 3512 propter
2377 3440 2525 3495 hanc

882 3510 1323 3579 persuasionem,
1352 3507 1408 3561 in
1428 3505 1689 3563 Ecclesia
1722 3526 1865 3580 pene
1899 3510 1957 3563 in
1986 3509 2254 3567 infinitum
2274 3512 2525 3568 creuisse

882 3580 1228 3645 traditiones,
1283 3595 1557 3648 oppressa
1609 3581 1825 3636 interim
1874 3581 2128 3638 doctrina
2176 3585 2247 3638 de
2300 3583 2412 3640 fide
2467 3593 2525 3639 et

880 3652 1101 3706 iusticia
1138 3650 1285 3716 fidei,
1307 3653 1438 3722 quia
1473 3652 1711 3707 subinde
1747 3651 1938 3724 plures
1978 3652 2151 3711 seriae
2169 3654 2355 3712 factae
2372 3666 2523 3723 sunt,

826 3762 855 3782 a
879 3723 1085 3778 ieiunia
1131 3722 1363 3788 indicta,
1419 3724 1768 3779 ceremoniae
1821 3742 2034 3793 nouae,
2088 3728 2221 3783 noui
2274 3727 2522 3783 honores

881 3795 1218 3851 Sanctorum
1258 3794 1497 3850 instituti
1527 3806 1677 3863 sunt,
1713 3795 1843 3868 quia
1877 3798 2289 3856 arbitrabantur
2323 3816 2391 3855 se
2425 3817 2523 3857 au-

883 3874 1038 3923 tores
1077 3865 1268 3923 talium
1302 3883 1505 3928 rerum,
1540 3865 1630 3923 his
1676 3869 1943 3938 operibus
1988 3873 2193 3927 mereri
2237 3873 2524 3928 remissio·

878 3955 1007 3993 nem
1063 3946 1424 4012 peccatorum
1490 3947 1548 3993 et
1609 3940 2073 4011 iustificationem,
2089 3946 2171 4011 ⁸⁶)
2223 3944 2324 3999 Sic
2387 3942 2521 3999 olim

877 4082 959 4138 83)
988 4082 1081 4125 Sed
1112 4083 1166 4124 de
1194 4083 1278 4125 hae
1307 4085 1561 4138 quaestione
1590 4087 1729 4128 nostri
1758 4087 1823 4129 sie
1852 4086 2044 4141 decena]
2078 4087 2177 4131 inde
2219 4087 2276 4132 ab
2316 4087 2384 4131 la'a
2421 4101 2517 4132 ver-

995 4137 1058 4182 bia
1087 4152 1214 4196 usque
1242 4140 1444 4196 adfinem
1471 4142 1541 4184 hie
1566 4143 1772 4187 arimino
1807 4144 1853 4186 in
1889 4145 1974 4187 Ed.
2010 4147 2054 4189 4.
2094 4145 2226 4188 destun
2264 4151 2521 4190 retr-aetatu·

993 4205 1453 4311 :ciprorwepr‘ngtttatua
1482 4205 1569 4253 eat,
1597 4201 1694 4245 vide
1721 4207 1858 4244 notam
1884 4203 1957 4248 96.
1988 4202 2127 4246 ven-bis
2168 4205 2364 4285 astrencia
2400 4202 2522 4246 kuina

876 4324 958 4382 84)
990 4337 1233 4368 mereamur
1259 4329 1561 4373 remissionem
1588 4337 1868 4386 peecatorum
1896 4338 1940 4375 et
1966 4332 2286 4377 satisfaciamus
2314 4345 2394 4390 pro
2417 4343 2518 4389 pee-

1000 4385 1143 4438 catia,]
1172 4385 1234 4427 uie
1260 4384 1398 4429 Editt.
1427 4387 1472 4431 2.
1502 4388 1571 4441 3.;
1599 4389 1685 4433 Ed.
1727 4393 1792 4434 1.=
1822 4392 1929 4433 satia
1962 4390 2174 4435 famus
2202 4403 2284 4446 pro
2312 4392 2520 4447 peccatis,

992 4449 1070 4486 aut
1096 4454 1339 4484 mereamur
1366 4446 1552 4498 gratiam
1584 4453 1628 4488 et
1655 4448 1883 4501 iusticiam,

788 4528 793 4534 ·
872 4513 956 4571 85)
984 4516 1144 4558 mereri
1172 4516 1480 4559 remissionem
1509 4525 1785 4572 peecatorum
1813 4527 1860 4564 et
1883 4520 2272 4577 instillationem]
2300 4522 2366 4565 aie
2379 4521 2516 4566 Editt.

988 4575 1033 4619 2.
1062 4576 1131 4627 3.;
1159 4573 1247 4616 Ed.
1285 4577 1349 4619 1.=
1380 4576 1537 4619 mereri
1563 4575 1928 4623 iustificationum

870 4643 954 4702 86)
982 4647 1141 4689 mereri
1169 4647 1472 4691 remissionem
1500 4655 1779 4704 peccatorum
1808 4657 1854 4694 et
1880 4649 2269 4707 iustificationum]
2297 4650 2515 4696 &ondita

987 4705 1033 4749 2.
1060 4705 1126 4759 s.;
1154 4705 1239 4749 sd.
1272 4706 1337 4751 ι..
1364 4706 1524 4749 nor-:1
1552 4708 1754 4763 mum

1631 556 1823 614 pun..
1857 555 2034 614 MEL.
2071 555 2389 614 SCRIPTA
2420 555 2876 617 DOGMA'rmA
2909 556 3006 614 ET
3042 556 3495 616 SYMBOLICA.

4134 554 4245 612 4oe

2606 727 2903 775 creuerunt
2938 716 3202 774 Oenones
3250 712 3678 786 poenitentiales
3694 753 3712 782 ‚
3765 730 4003 786 quorum
4058 713 4243 769 adhuc

2606 791 2662 845 in
2699 789 3174 846 satisfactionibus
3211 787 3450 860 vestigia
3485 786 3756 859 quaedam
3791 785 4061 841 videmus.

2750 886 2831 951 ⁸⁷)
2852 883 2990 939 Item
3042 880 3293 953 plerique
3346 880 3656 951 scriptores
3715 878 3933 952 fingunt
3991 879 4047 933 in
4093 895 4245 934 nouo

2606 953 2967 1010 Testamenta
2998 963 3260 1025 oportere
3297 949 3505 1006 cultum
3543 949 3780 1005 similem
3815 966 3944 1005 esse
3968 948 4243 1018 Imitico,

2609 1028 2768 1081 cuius
2825 1027 3223 1082 ordinationem
3271 1023 3608 1079 commiserit
3652 1021 3811 1077 Deus
3856 1020 4152 1093 Apostolis
4188 1032 4248 1078 et

2609 1097 2655 1154 E
2696 1099 2923 1170 iscopis.
3014 1098 3086 1152 Et
3129 1096 3390 1151 videntur
3436 1094 3745 1165 scriptores
3796 1091 4049 1165 exemplo
4095 1092 4269 1168 legis*

2670 1171 2895 1225 osaicae
2959 1169 3173 1240 decipi,
3237 1167 3397 1255 quasi
3449 1166 3669 1221 iusticia
3720 1167 3853 1220 noui
3905 1164 4248 1222 Testamenti

2608 1244 2682 1297 sit
2717 1252 2949 1297 externa
2982 1243 3304 1296 obseruatio
3334 1246 3617 1294 certorum
3655 1237 3855 1293 rituum
3892 1237 4041 1292 sicut
4088 1239 4240 1294 iusti·

2609 1315 2695 1368 cia
2733 1311 2789 1367 le
2830 1314 2878 1366 ‘s
2916 1324 3039 1369 erat
3073 1321 3306 1366 externa
3342 1310 3665 1366 obseruatio
3703 1318 3983 1364 certorum
4021 1309 4246 1365 rituum.

2609 1385 2765 1440 Sicut
2800 1386 2966 1457 igitur
3009 1384 3068 1439 in
3112 1381 3243 1456 lege
3294 1389 3586 1454 peccatum
3633 1389 3755 1435 erat
3800 1381 3970 1435 edere
4022 1379 4249 1437 suillam

2609 1473 2835 1512 carnem
2890 1466 2998 1512 etc.
3086 1454 3168 1509 lta
3229 1455 3285 1508 in
3341 1469 3492 1509 nouo
3546 1451 3907 1508 Testamento
3962 1449 4250 1509 collocant

2609 1537 2896 1599 peecatum
2932 1528 2992 1582 in·
3025 1528 3186 1591 cibis,
3222 1526 3279 1579 in
3327 1525 3554 1590 diebus,
3581 1526 3639 1579 in
3675 1526 3909 1590 vestitu,
3957 1534 4013 1580 et
4057 1523 4251 1580 simili-

2609 1602 2716 1655 bus
2751 1602 2938 1655 rebus.
3012 1598 3085 1654 Et
3122 1598 3436 1652 existimant
3470 1597 3591 1652 sine
3625 1595 3715 1652 his
3758 1598 3931 1652 rebus
3966 1596 4246 1653 iusticiam

2609 1671 2740 1726 noui
2793 1669 3132 1726 Testamenti
3178 1685 3292 1725 non
3346 1684 3521 1739 posse
3571 1669 3830 1724 existere.
3913 1666 4058 1724 Hinc
4113 1679 4249 1725 sunt

2609 1742 2704 1799 illa
2739 1759 2946 1810 onera,
2985 1743 3137 1814 quod
3187 1740 3325 1796 certi
3372 1741 3481 1796 cibi
3521 1738 3774 1811 polluant
3821 1741 4246 1808 conscientian,

2609 1817 2759 1888 quod
2794 1814 2966 1870 horas
3004 1813 3322 1870 Canonicas
3359 1813 3630 1882 omittere,
3667 1814 3742 1867 sit
3778 1809 4015 1867 mortale
4047 1828 4246 1885 pecca-

2609 1897 2740 1949 tum,
2776 1887 2928 1959 quod
2964 1886 3165 1941 ieiunia
3198 1891 3514 1939 mereantur
3556 1884 3943 1939 remissionem
4026 1892 4249 1940 ecceta-

2607 1976 2747 2026 rum,
2784 1975 2928 2030 quae
2962 1960 3075 2012 sint
3110 1956 3433 2011 necessaria
3466 1956 3541 2010 ad
3576 1956 3853 2012 iusticiam
3887 1972 3961 2010 no
4046 1954 4246 2011 Testa-

2606 2033 2795 2096 menti,
2834 2031 2983 2102 quod
3018 2038 3311 2102 peccatum
3345 2029 3405 2082 in
3442 2045 3580 2083 casu
3614 2036 3902 2083 reseruato
3921 2044 4036 2081 non
4063 2028 4251 2099 possit

2606 2104 2832 2168 remitti,
2870 2103 2979 2156 nisi
3014 2100 3325 2157 accesserit
3383 2100 3655 2155 autoritas
3698 2100 4071 2166 reseruantis,
4117 2116 4248 2170 cum

2607 2175 2826 2246 quidem
2863 2175 2969 2246 ipsi
2998 2173 3260 2228 Canones
3308 2180 3518 2226 tantum
3565 2171 3636 2227 de
3683 2170 4066 2226 reseruatione
4113 2188 4246 2260 poe-

2606 2262 2715 2301 nae
2751 2246 3057 2301 canonicae
3074 2248 3153 2310 88)
3192 2241 3521 2316 loquantur,
3564 2259 3680 2297 non
3732 2244 3806 2299 de
3860 2253 4246 2300 reseruatione

2606 2316 2825 2389 culpae.
2844 2320 2926 2384 ⁸⁷)

2747 2410 2913 2466 Vnde
2947 2409 3155 2465 habent
3189 2410 3275 2464 ius
3314 2408 3576 2481 Episcopi
3619 2408 3725 2464 has
3772 2408 4097 2462 traditiones
4145 2410 4246 2464 im·

2604 2483 2845 2554 ponendi
2881 2480 3156 2553 Ecclesijs
3194 2483 3264 2536 ad
3313 2482 3633 2553 grauandas
3680 2480 4090 2536 conscientias?
4132 2479 4247 2535 Ex-

2606 2563 2728 2609 tant
2763 2555 2908 2609 enim
2939 2551 3097 2608 clara
3132 2553 3469 2618 testimonia,
3487 2555 3566 2612 ⁸⁹)
3640 2567 3748 2606 uae
3767 2551 4069 2622 prohibent
4103 2567 4242 2606 con-

2608 2626 2742 2681 dere
2780 2625 2923 2680 tales
2960 2624 3305 2691 traditiones,
3327 2628 3402 2691 ⁹⁰)
3439 2623 3532 2679 vel
3568 2570 3639 2678 aa
3688 2623 4112 2695 promerendam
4158 2639 4244 2700 re-

2605 2698 2924 2753 missionem
2959 2705 3335 2769 peccatorum,
3364 2694 3458 2751 vel
3487 2705 3750 2766 tanquam
3785 2695 4141 2750 necessarias
4170 2694 4246 2751 ad

2606 2770 2881 2825 iusticiam
2918 2769 3050 2824 noui
3084 2767 3443 2835 Testamenti,
3479 2775 3576 2822 aut
3610 2768 3681 2822 ad
3719 2765 3973 2823 salutem.
3995 2770 4074 2832 ⁹⁰)

2749 2861 2960 2918 Paulus
3009 2861 3202 2917 Colos.
3249 2862 3303 2916 2.
3354 2861 3531 2916 Nemo
3576 2877 3684 2916 vos
3736 2860 3943 2916 iudicet
3988 2861 4045 2915 in
4095 2860 4246 2928 cibo,

2644 2944 2759 3002 otu,
2795 2943 2955 3006 parte
2992 2933 3097 2990 diei
3131 2933 3279 3001 festi,
3314 2930 3597 2987 nouilunio
3635 2941 3731 3003 aut
3758 2932 4030 2988 sabbatis.
4085 2930 4245 3001 Item,

2649 3007 2898 3062 imortui
2936 3007 3075 3061 estis
3113 3024 3240 3061 cum
3289 3004 3514 3061 Christo
3571 3006 3641 3060 ab
3698 3001 3985 3060 elementis
4035 3003 4246 3070 mundi,

2604 3096 2779 3150 quare
2815 3087 3079 3151 tanquam
3114 3078 3365 3133 viuentes
3401 3078 3459 3132 in
3495 3077 3721 3144 mundo,
3760 3077 3984 3132 decreta
4019 3073 4245 3132 facitis?

2604 3151 2750 3239 Non‘
2768 3151 3040 3222 attingas,
3085 3166 3199 3204 nou
3254 3157 3483 3222 gustes,
3535 3165 3651 3204 non
3705 3155 4044 3225 contrectes,
4097 3162 4247 3234 quaa

2602 3239 2892 3351 3¹:¹33&
2893 3240 2924 3361 ξ
2925 3230 3130 3366 ²222:
3130 3221 4246 3364 ⁸133.2‘..³⁰53032¹3⁶222135.133.⁰‘¹?3:
4310 3289 4320 3298 ·

2604 3366 2676 3421 ad
2711 3365 2892 3422 Titum
2926 3375 3121 3453 aperte
3170 3363 3430 3435 prohibet
3475 3365 3801 3420 traditiones
3822 3402 3840 3431 ,
3886 3362 4015 3418 Non
4063 3371 4244 3419 atten-

2604 3437 2800 3494 dentes
2836 3437 3075 3493 ludaicis
3113 3434 3340 3503 sabulis,
3379 3446 3435 3492 et
3471 3436 3746 3491 mandatis
3765 3436 4049 3491 hominum
4078 3452 4242 3491 auer-

2603 3510 2843 3566 santium
2880 3510 3184 3566 veritatem.
3259 3507 3333 3564 Et
3368 3506 3625 3564 Christus
3670 3505 3868 3564 Matth.
3909 3506 3996 3562 15.
4045 3508 4244 3579 inquit,

2603 3582 2673 3637 de
2700 3581 2788 3637 his
2825 3581 2920 3655 qui
2958 3581 3186 3654 exigunt
3231 3581 3571 3637 traditiones.
3649 3579 3826 3634 Sinite
3873 3576 4037 3644 illos,
4083 3579 4246 3635 coeci

2602 3662 2750 3721 sunt,
2789 3663 2844 3708 et
2880 3654 3054 3708 duces
3091 3670 3407 3709 coecorum.
3480 3650 3553 3707 Et
3599 3651 3670 3705 im
3711 3653 3875 3707 robat
3929 3648 4074 3705 tales
4124 3648 4246 3706 cul-

2601 3735 2725 3853 tuse,l
2752 3724 2948 3853 Otiunmis
2977 3723 3295 3854 pignttgitour
3280 3742 3448 3797 quam
3482 3741 3597 3779 non
3633 3670 3863 3797 platauit
3892 3732 4052 3795 pater
4080 3738 4241 3779 meua

2602 3815 2671 3855 co
2727 3813 2790 3853 es
2864 3835 2884 3863 ‚
2919 3813 3018 3853 era
3077 3814 3145 3853 ca
3184 3814 3203 3852 1
3295 3832 3311 3850 .

2599 4022 2682 4079 87)
2712 4022 2822 4065 Item
2852 4021 3047 4077 plerique
3075 4023 3309 4076 scriptores
3337 4020 3508 4075 fingunt
3535 4042 3585 4052 -
3621 4042 3678 4052 —
3718 4031 3810 4061 non
3845 4018 3901 4060 de
3940 4020 4242 4062 roser-natione

2716 4079 2907 4134 culpae]
2934 4082 2996 4123 uic
3023 4078 3161 4123 Edita
3190 4081 3233 4123 2.
3259 4082 3329 4131 3.;
3358 4079 3442 4122 Ed.
3475 4081 3546 4123 1.=
3574 4077 3686 4119 Item
3725 4082 3905 4119 autores
3943 4076 4241 4119 traditionum

2712 4138 2881 4182 faciunt
2906 4161 2965 4170 —
2992 4161 3045 4170 —-
3074 4137 3131 4178 de
3148 4138 3445 4179 reseruatione
3474 4147 3646 4190 poenae
3672 4135 4011 4177 Ecclesiasticae
4054 4133 4242 4188 loquan-

2715 4202 2803 4239 tur.
2833 4195 2948 4248 (m'de
2974 4209 3105 4252 supra
3123 4207 3174 4252 p.
3194 4196 3304 4253 ¹326.
3337 4194 3408 4238 un.
3442 4195 3513 4238 14.
3531 4192 3859 4249 —p.327.12·n.
3890 4193 3981 4245 10.)

2597 4276 2679 4331 88)
2710 4274 2966 4328 canonicae]
2994 4275 3058 4317 aie
3082 4278 3195 4318 reete
3220 4272 3306 4318 Ed.
3336 4274 3408 4326 2.;
3436 4272 3523 4316 Ed.
3552 4272 3625 4318 δα
3655 4272 3872 4314 canonice

2597 4347 2678 4405 89)
2707 4347 2766 4390 ad
2795 4347 3043 4402 grauandas
3058 4345 3378 4388 conscientias?
3406 4343 3573 4386 Extant
3597 4345 3714 4386 enirn
3739 4344 3856 4385 clara
3870 4340 4154 4400 testimoni-,J
4174 4343 4239 4387 aio

2710 4404 2850 4465 mitt.
2866 4405 2910 4449 2.
2928 4403 3089 4456 3.;r.d.
3113 4405 3179 4448 1.=
3204 4403 3263 4445 ad
3278 4402 3580 4457 illaqueandas
3599 4402 3888 4444 conscientias
3900 4402 3921 4443 i*
3948 4401 4061 4444 Cum
4079 4399 4239 4443 Petrus

2712 4468 2901 4564 ἶῗοι-
2915 4483 2974 4494 -—
2987 4461 3150 4574 gem
3167 4466 3319 4504 extant
3345 4460 3465 4505 clara
3492 4460 3753 4512 neumenia,
3770 4458 3890 4516 (vide
3903 4471 4035 4516 supra
4052 4471 4103 4515 p.
4132 4458 4236 4505 82⁷.

2594 4592 2675 4647 90)
2704 4593 2779 4636 vei
2807 4592 2865 4634 ad
2892 4590 3224 4647 promerendam
3249 4591 3552 4634 remissionem
3580 4612 3640 4622 —
3667 4590 3776 4633 noui
3825 4588 4123 4639 Testamenti.
4161 4592 4239 4631 aut

2709 4650 2769 4693 ad
2809 4648 3028 4706 salutem]
3073 4648 3137 4693 aie
3173 4648 3311 4692 Μω-
3350 4649 3395 4694 2.
3435 4649 3506 4700 8.;
3555 4647 3641 4692 Ed.
3689 4648 3755 4689 1.=
3800 4647 3857 4690 ad
3901 4645 4237 4704 promerendam

2710 4708 2912 4764 gratian,
2938 4713 3016 4754 aut
3042 4713 3249 4765 tanquam
3274 4705 3548 4752 necessariae
3576 4705 3636 4751 ad
3664 4706 3863 4750 salutem.
