4966 5577
792 486 905 544 36⁷

793 650 868 706 Et
903 648 1044 702 fides
1083 645 1174 699 hic
1212 660 1325 699 non
1362 650 1573 698 tantum
1612 641 1878 694 historiae
1924 640 2185 694 noticiam
2232 641 2438 713 signifi-

796 731 908 786 cat,
961 720 1064 773 sed
1110 716 1388 788 significat
1438 714 1669 767 credere
1718 713 2074 782 promissioni
2127 713 2437 767 misericor-

797 796 923 850 diae
958 808 1101 864 quae
1138 791 1300 843 nobIs
1341 796 1573 858 propter
1610 788 1967 838 mediatorem
1988 783 2264 838 Clu-istum
2303 801 2435 838 con-

1563 481 1755 538 PHIL.
1791 479 1968 538 MEL.
2004 478 2321 538 SCRIPTA
2356 478 2811 537 DOGMATIGA
2840 480 2937 537 ET
2970 480 3430 539 SYMBoLtcA.

2856 666 2971 722 DE
3018 668 3286 724 BONts
3334 668 3805 726 OPERIBVS.

2661 795 2800 851 Cum
2836 798 3215 852 necessariam
3246 798 3315 853 de
3354 797 3461 853 lide
3499 799 3810 854 doctrinam
3848 808 3904 854 et
3952 817 4160 855 conso-

797 866 978 939 tingit.
1034 863 1105 916 Et
1144 878 1268 914 cum
1302 859 1414 913 hoc
1451 858 1616 911 modo
1653 857 1793 910 fides
1831 853 2155 927 intelligitur
2189 857 2260 910 de
2298 855 2437 912 fidu·
2514 867 2778 923 lationem
2815 867 3091 941 Ecclesijs
3130 870 3511 940 proponimus,
3548 873 3768 926 additur
3805 883 3861 925 et
3900 873 4157 929 doctrina

800 941 888 994 cia
924 933 1358 996 misericordiae,
1395 947 1507 983 non
1547 929 1879 982 dissentiunt
1914 928 2059 981 inter
2095 944 2160 982 se
2197 928 2435 983 lacobus
2517 942 2587 995 de
2626 942 2786 994 bonis
2823 942 3106 1011 operibuS,
3136 941 3301 1004 Quod
3332 938 3592 998 videlicet
3630 945 3953 999 necessaria
3991 947 4065 999 sit
4101 946 4158 999 in

797 1020 855 1064 et
900 1006 1129 1063 Paulus.
1206 1003 1372 1065 Quod
1422 1003 1564 1055 enim
1602 1003 1782 1071 inquit
1818 1000 2078 1065 lacobus,
2118 998 2435 1054 Daemones
2516 1012 2911 1080 reconciliatis,
2950 1014 3268 1068 obedientia
3303 1030 3440 1085 erga
3475 1013 3660 1087 legem
3696 1013 3820 1070 Dei.
3870 1015 4012 1069 Nam
4050 1016 4161 1073 Eu.

799 1081 1035 1136 credunt
1071 1088 1127 1132 ct
1164 1076 1631 1140 contremiscunt,
1668 1069 1925 1144 intelligit
1972 1072 2136 1125 fidem
2182 1072 2254 1125 de
2297 1073 2436 1127 noti-

797 1154 886 1207 cia
921 1150 1212 1212 historiae,
1247 1148 1390 1201 haec
1426 1162 1539 1199 non
1576 1145 1863 1204 iustificat,
1901 1144 2119 1198 Norunt
2165 1144 2309 1200 enim
2356 1144 2437 1198 hi-

800 1225 1031 1279 storiam
1071 1222 1233 1275 etiam
1270 1219 1418 1290 impij
1458 1235 1527 1271 ac
1571 1214 1805 1284 diaboli,
1855 1215 2064 1271 Paulus
2103 1233 2270 1281 veru,
2309 1234 2434 1272 cum

800 1297 1008 1369 inquit,
1066 1294 1232 1347 Fides
1278 1301 1563 1360 reputatur
1608 1291 1683 1343 ad
1729 1289 2000 1342 iusticiam
2044 1299 2150 1342 etc.
2191 1286 2436 1360 loquitur

798 1371 871 1422 de
924 1366 1130 1421 fiducia
1182 1363 1596 1418 misericordiae
1647 1364 1960 1432 promissae
2015 1369 2244 1431 propter
2283 1359 2435 1415 Chri-

800 1451 972 1505 stum,
1026 1436 1238 1507 Estque
1292 1434 1596 1498 sententia,
1654 1433 1921 1487 Homines
1968 1433 2145 1485 iustos
2191 1449 2435 1503 pronun-

798 1512 964 1577 ciari,
999 1510 1056 1564 id
1092 1519 1210 1574 est,
1246 1505 1614 1570 reconciliari,
1663 1521 1763 1576 per
1810 1505 2274 1571 misericordiam,
2323 1521 2434 1558 non

797 1593 1029 1655 propter
1069 1579 1391 1651 dignitatem
1427 1579 1727 1650 propriam,
1771 1575 1888 1630 Sed
1935 1575 2081 1630 hanc
2127 1576 2437 1630 misericor-

799 1657 945 1711 diam
998 1654 1333 1726 promissam
1399 1659 1627 1721 propter
1680 1647 1989 1714 Christum,
2048 1657 2272 1719 oportet
2328 1648 2438 1701 fide

797 1727 1009 1796 accipi,
1066 1728 1175 1780 lam
1231 1724 1410 1777 bonas
1463 1730 1678 1775 mentes
1733 1718 1868 1774 nibil
1924 1719 2168 1775 offendet
2218 1720 2436 1775 nouitas

797 1799 964 1855 huius
1003 1794 1267 1851 Paulinae
1303 1794 1537 1868 figurae,
1568 1793 1703 1846 Fide
1737 1792 2124 1858 iustificamur,
2173 1793 2232 1847 Si
2283 1788 2435 1846 intel·

798 1869 977 1943 ligant
1005 1868 1227 1940 proprie
1273 1867 1343 1920 de
1385 1865 1768 1920 misericordia
1815 1866 1952 1929 dici,
2001 1881 2234 1936 canitque
2286 1865 2434 1918 veris

800 1953 856 1997 et
901 1939 1239 2011 necessarijs
1283 1936 1540 1992 laudibus
1585 1940 1792 1991 ornari.
1867 1936 2011 1998 Quid
2058 1947 2247 2006 potest
2292 1937 2433 1991 enim

800 2030 931 2070 esse
967 2013 1178 2086 gratius
1230 2010 1619 2064 conscienciae
1663 2007 1909 2065 afflictae
1954 2025 2024 2062 ac
2067 2009 2333 2080 putridae,
2380 2010 2434 2061 in

799 2086 952 2143 veris
987 2081 1296 2147 doloribus,
1333 2099 1500 2151 quam
1533 2083 1748 2146 audire,
1783 2081 1893 2134 hoc
1942 2097 2073 2135 esse
2118 2081 2434 2136 mandatum

798 2156 925 2226 Dei,
962 2158 1108 2212 hanc
1144 2171 1275 2210 esse
1312 2170 1511 2208 vocem
1557 2154 1752 2224 sponsi
1797 2150 2032 2218 Christi,
2083 2164 2144 2208 vt
2193 2160 2438 2206 statuant

800 2240 957 2286 certo
1005 2229 1201 2282 donari
1247 2226 1630 2281 remissionem
1676 2234 2035 2295 peccatorum
2082 2241 2187 2279 seu
2242 2240 2436 2278 recon-

801 2300 1168 2364 ciliationem,
1216 2315 1327 2353 non
1369 2306 1598 2368 propter
1640 2307 1891 2350 nostram
1941 2296 2289 2368 dignitatem,
2334 2295 2436 2349 sed

798 2374 974 2446 gratis
1011 2389 1114 2444 per
1149 2370 1604 2432 misericordiam,
1641 2379 1870 2438 propter
1906 2365 2209 2435 Christum,
2246 2377 2307 2422 vt
2343 2368 2438 2421 be·

799 2445 1058 2500 neflcium
1115 2444 1190 2496 sit
1244 2451 1475 2497 certum.
1549 2439 1842 2511 Significat
1888 2450 2074 2495 autem
2123 2440 2438 2494 iustificatio

798 2518 858 2572 in
893 2516 983 2571 his
1034 2511 1190 2568 Pauli
1246 2511 1572 2583 sententijS,
1628 2513 2010 2565 remissionem
2056 2521 2436 2583 peccatorum,

799 2605 906 2644 seu
960 2584 1474 2642 reconciliationem
1529 2600 1632 2637 seu
1683 2582 2109 2654 imputatIonem
2164 2585 2437 2651 iusticias,

797 2659 914 2716 hoc
952 2669 1060 2726 est,
1098 2658 1538 2729 acceptationem
1574 2671 1869 2727 personae.

945 2745 1068 2802 Nec
1122 2743 1405 2799 afferimus
1471 2759 1677 2797 nouum
1733 2742 1940 2815 dogma
1993 2740 2050 2797 in
2103 2740 2438 2797 Ecclesiam.

798 2820 944 2875 Nam
979 2817 1128 2872 hanc
1157 2817 1228 2872 de
1263 2815 1373 2871 fide
1408 2815 1716 2870 doctrinam
1753 2816 2033 2885 scriptura
2068 2816 2297 2886 copiose
2332 2824 2440 2869 tra-

799 2893 899 2956 dit,
935 2889 1006 2945 Et
1044 2886 1256 2944 Paulus
1292 2887 1443 2942 hunc
1478 2885 1661 2942 locum
1700 2888 1968 2957 precipue
2004 2896 2204 2942 tractat
2252 2887 2306 2941 in
2343 2886 2441 2942 ali·

801 2971 941 3036 quot
977 2959 1268 3032 EpistoliS‚
1304 2958 1374 3012 Et
1412 2960 1614 3013 docent
1651 2959 1797 3013 idem
1835 2959 1896 3014 S.
1928 2958 2142 3015 Patres.
2183 2958 2279 3013 Sic
2296 2961 2441 3013 enim

798 3035 977 3106 inquit
1012 3031 1347 3087 Ambrosius
1378 3031 1448 3084 de
1488 3031 1781 3084 vocatione
1818 3031 2090 3102 gentium,
2131 3029 2442 3086 vilesceret

798 3106 1104 3177 redemptio
1137 3102 1428 3175 sanguinis
1467 3101 1696 3168 Christi,
1733 3118 1839 3156 nec
1885 3102 2298 3157 misericordiae
2337 3104 2440 3157 Dei

798 3178 1167 3233 humanorum
1214 3191 1443 3246 operum
1480 3175 1873 3246 praerogatiua
1918 3177 2344 3242 succumberet,
2391 3176 2441 3230 si

801 3249 1118 3306 iustitie-atio
1156 3262 1301 3319 quae
1337 3246 1398 3300 fit
1435 3264 1535 3317 per
1571 3249 1820 3319 gratiam,
1858 3247 2067 3301 meritis
2104 3249 2441 3318 praeceden-

804 3324 953 3378 tibus
991 3321 1306 3381 deberetur,
1347 3328 1404 3375 vt
1443 3336 1555 3372 non
1593 3336 1792 3374 munus
1828 3316 2141 3390 largientis,
2176 3320 2277 3373 sed
2299 3338 2437 3374 mer·

806 3411 906 3449 ces
941 3403 1095 3448 esset
1132 3391 1435 3463 operantis.
1510 3390 1579 3444 Et
1617 3388 1819 3445 multae
1855 3401 1986 3444 sunt
2023 3392 2292 3464 integrae,
2330 3392 2439 3447 hac

804 3470 876 3522 de
907 3482 988 3532 re,
1023 3464 1171 3536 apud
1193 3466 1277 3517 Au
1323 3464 1583 3527 ustiuum,
1623 3462 2048 3532 disputationeS,
2084 3463 2260 3518 Huius
2296 3462 2442 3519 haec

806 3548 938 3593 sunt
999 3538 1189 3591 verba.
1272 3481 1730 3606 &uandoqttidem
1807 3552 1909 3605 per
1956 3531 2138 3608 legem
2194 3538 2440 3591 ostendit

802 3610 1011 3665 homini
1047 3607 1417 3661 infirmitatem
1453 3624 1632 3672 suam,
1672 3615 1732 3660 vt
1765 3607 1975 3662 adeius
2005 3607 2437 3663 misericordiam

805 3700 908 3754 per
944 3681 1108 3735 fidem
1147 3677 1498 3752 confugiens,
1536 3687 1863 3745 sanaretur,
1898 3677 2124 3733 Dictum
2162 3689 2250 3733 est
2295 3681 2440 3735 enim

802 3755 956 3827 quod
990 3750 1044 3806 le
1087 3767 1172 3804 em
1210 3761 1263 3806 et
1299 3751 1734 3805 misericordiam
1770 3751 1827 3803 in
1862 3748 2054 3823 lingua
2089 3760 2300 3823 portet,
2335 3751 2443 3806 Le-

803 3843 930 3898 gem
967 3821 1049 3879 sci
1075 3825 1203 3891 icet,
1242 3840 1353 3895 qua
1387 3838 1520 3877 reos
1557 3821 1727 3877 saciat
1759 3825 2056 3894 superbos.
2128 3822 2442 3878 Misericor-

803 3899 948 3953 diam
987 3913 1143 3963 vero,
1169 3912 1292 3968 „qua
1335 3892 1598 3950 iustificet
1645 3891 1980 3951 humiliatos,
2037 3893 2263 3951 lusticia
2302 3913 2442 3969 ergo

799 3967 910 4025 Dei
964 3987 1065 4042 per
1120 3969 1286 4023 fidem
1339 3965 1469 4022 lesu
1523 3964 1733 4023 Christi
1786 3967 1842 4020 in
1898 3983 2097 4023 omnes
2160 3968 2256 4040 qui
2323 3984 2444 4024 cre-

801 4043 942 4097 dunt
977 4052 1086 4096 etc.

948 4126 1021 4180 Et
1078 4126 1348 4199 Synodus
1392 4122 1711 4180 Mileuitana
1765 4124 1978 4180 scribit.
2052 4123 2257 4179 Nonne
2302 4125 2442 4179 satis

802 4198 1117 4253 ostenditur
1150 4197 1263 4252 hoc
1297 4207 1486 4253 actum
1523 4213 1653 4253 esse
1689 4194 2012 4269 perlegam,
2047 4204 2109 4251 vt
2144 4207 2439 4268 peccatum

801 4278 1275 4345 cognosceretur,
1322 4277 1379 4324 et
1423 4270 1509 4324 sic
1563 4269 1838 4325 aduersus
1888 4268 2176 4323 victoriam
2223 4269 2439 4340 peccati

800 4343 875 4398 ad
913 4342 1153 4398 diuinam
1197 4340 1463 4413 gratiam,
1511 4359 1656 4413 quae
1700 4343 1759 4413 in
1803 4342 2264 4412 promissionibus
2313 4358 2439 4413 pro·

800 4415 986 4487 posita
1038 4422 1146 4479 est,
1197 4410 1619 4484 confugeretur,
1666 4422 1727 4469 vt
1753 4415 1828 4469 ad
1874 4411 2258 4468 liberationem
2346 4430 2435 4468 ue-

759 4498 1058 4543 ·rerentur
1102 4485 1508 4556 promissiones
1555 4486 1690 4553 Dei,
1746 4486 1858 4540 hoc
1908 4493 2029 4553 est,
2083 4487 2266 4559 gratia
2367 4485 2439 4553 ei,

797 4569 858 4688 g
883 4559 1111 4631 incipiat
1144 4573 1278 4614 esse
1314 4557 1371 4612 in
1417 4557 1638 4612 homine
1681 4558 1934 4624 iusticia,
1981 4573 2096 4613 non
2141 4574 2276 4624 sua,
2330 4558 2438 4615 sed

2514 1082 2791 1158 angelium
2824 1085 3187 1140 concionatur
3217 1087 3286 1140 de
3314 1103 3461 1141 noua
3481 1088 3613 1153 vita,
3634 1089 3784 1141 iuxta
3811 1086 3968 1154 illud,
3988 1085 4159 1145 Dabo

2513 1154 2695 1230 legem
2734 1174 2910 1211 meam
2949 1159 3004 1210 in
3041 1157 3305 1213 cordibus
3344 1176 3566 1225 eorum,
3615 1158 3767 1213 Haec
3802 1160 3971 1231 igitur
4005 1178 4161 1218 noua
4191 1184 4197 1190 ·

2515 1230 2650 1294 vita,
2690 1229 2855 1284 debet
2894 1245 3025 1283 esse
3062 1231 3379 1285 obedientia
3417 1248 3556 1304 erga
3595 1229 3793 1285 Deum.
3868 1231 3938 1285 Et
3985 1249 4156 1288 euan-

2513 1298 2716 1373 gelium
2758 1304 3044 1371 praedicat
3081 1303 3506 1372 poenitentiam,
3553 1302 3672 1358 Nec
3722 1305 3964 1357 existere
4016 1305 4156 1360 tides

2514 1382 2725 1443 potest,
2784 1374 2889 1426 nisi
2945 1374 3000 1427 in
3047 1373 3133 1427 his
3181 1375 3270 1444 qui
3318 1374 3712 1446 poenitentiam
3768 1387 3968 1449 agunt,
4064 1378 4156 1431 uia

2517 1444 2660 1500 fides
2699 1443 3026 1499 consolatur
3064 1445 3235 1500 corda
3271 1446 3329 1501 Ξιι
3366 1446 3701 1500 contritione
3739 1458 3794 1502 et
3843 1394 4155 1506 terroribus

2556 1516 2754 1582 eccati,
2794 1519 2940 1571 sicut
2976 1514 3185 1570 Paulus
3222 1519 3416 1584 docet,
3465 1518 3750 1573 lustificati
3799 1518 3909 1574 fide
3959 1537 4157 1590 pacem

2533 1592 2805 1659 nubemus,
2842 1588 2913 1643 Et
2949 1589 3020 1644 de
3058 1591 3393 1659 poenitentia
3429 1591 3576 1646 dicit.
3653 1589 3816 1645 Rom.
3851 1590 3906 1645 6.
3977 1591 4156 1648 Vetus

2515 1672 2707 1715 noster
2762 1659 2930 1715 homo
2987 1659 3154 1715 simul
3211 1662 3513 1715 crucifixus
3571 1672 3692 1729 est,
3749 1674 3806 1717 vt
3862 1660 4156 1718 aboleatur

2516 1749 2720 1805 corpus
2757 1734 2993 1804 peccati,
3035 1749 3105 1786 ne
3143 1744 3377 1805 peccato
3413 1734 3682 1805 deinceps
3713 1734 4045 1801 seruiamuS,
4082 1734 4156 1790 Et

2513 1804 2712 1859 Esaias
2749 1807 2950 1877 iuquit,
2998 1804 3108 1858 Vbi
3159 1805 3428 1861 habitabit
3474 1805 3786 1862 Dominus?
3837 1804 3896 1863 ln
3946 1807 4157 1880 Spiritu

2515 1879 2755 1933 contrito
2792 1892 2848 1930 et
2884 1876 3170 1932 humiliato
3214 1889 3320 1932 etc.

2659 1949 2952 2015 Secundo,
3007 1950 3155 2002 inter
3212 1951 3360 2005 bona
3406 1966 3610 2021 opera,
3657 1950 4018 2021 praecipuum
4065 1960 4157 2006 est

2515 2032 2573 2076 et
2609 2037 2856 2075 summus
2894 2018 3076 2075 cultus
3118 2019 3240 2087 Dei,
3278 2021 3417 2076 fides
3454 2022 3609 2092 ipsa,
3660 2033 3713 2076 et
3758 2025 3901 2092 parit
3948 2020 4156 2078 multas

2515 2093 2657 2148 alias
2693 2094 2931 2148 virtutes
2966 2111 3112 2164 quae
3143 2095 3387 2147 existere
3425 2111 3537 2146 non
3575 2105 3832 2164 possunt,
3852 2094 3960 2149 nisi
3997 2095 4153 2165 prius

2516 2166 2690 2219 corda
2726 2164 2888 2219 fidem
2929 2165 3304 2236 conceperint,
3345 2163 3554 2219 Paulus
3606 2166 3748 2220 enim
3789 2166 3951 2232 dicit,
4001 2165 4152 2228 Quo-

2515 2237 2683 2291 modo
2720 2238 3093 2301 inuocabunt,
3138 2237 3244 2291 nisi
3291 2237 3666 2291 crediderint?
3738 2236 3939 2291 Donec
3983 2239 4155 2293 animi

2518 2310 2787 2375 dubitant,
2826 2327 2895 2361 an
2935 2328 2970 2362 a
3008 2306 3131 2361 Deo
3168 2310 3551 2375 exaudiantur,
3590 2308 3771 2363 donec
3807 2310 4053 2364 sentiunt
4088 2326 4157 2365 se

2517 2400 2553 2436 a
2589 2380 2715 2435 Deo
2754 2380 2927 2452 reijci,
2973 2398 3084 2435 non
3124 2398 3256 2436 vere
3303 2383 3566 2436 inuocant
3604 2377 3803 2436 Deum.
3877 2381 3991 2437 Sed
4028 2399 4156 2438 cum

2519 2453 2631 2506 fide
2692 2452 3055 2526 agnoscimus
3118 2453 3588 2521 misericordiam,
3666 2451 4019 2526 confugimus
4081 2454 4156 2510 ad

2517 2522 2721 2589 Deum,
2759 2523 3055 2596 diligimus,
3092 2526 3439 2591 inuocamuS,
3460 2541 3774 2596 speramuS,
3793 2534 4156 2597 expectamus

2516 2596 2798 2664 auxilium,
2835 2597 3123 2651 obedimus
3159 2599 3214 2651 iu
3250 2595 3676 2664 afflictionibus,
3724 2599 3854 2670 quia
3893 2599 4005 2653 iam
4046 2599 4157 2655 sci-

2519 2687 2642 2724 mus
2681 2685 2787 2722 nos
2824 2686 2959 2723 esse
2995 2666 3175 2735 filios,
3215 2679 3273 2724 et
3319 2669 3545 2741 placere
3590 2669 3719 2725 Deo
3765 2678 4021 2725 nostrum
4066 2686 4159 2726 sn-

2520 2740 2804 2806 crificium,
2827 2745 2902 2807 ⁹¹)
2940 2751 3166 2797 nostras
3201 2740 3568 2809 afflictiones,
3612 2740 3734 2797 Hos
3781 2739 3967 2797 cultus

2522 2813 2680 2882 tides,
2718 2811 2980 2868 Preclare
3014 2814 3180 2887 igitur
3216 2815 3392 2887 inquit
3429 2813 3796 2882 Ambrosius,
3845 2814 4016 2870 Fides
4061 2815 4160 2871 bo-

2521 2903 2626 2942 nae
2679 2884 3012 2953 voluntatis,
3079 2896 3137 2941 et
3200 2888 3383 2942 iustae
3444 2886 3681 2941 actionis
3746 2887 3986 2959 genitrix
4048 2894 4159 2955 est,

2519 2958 2847 3031 Aduersarij
2895 2959 3070 3014 videri
3118 2957 3314 3013 volunt
3359 2957 3655 3032 magnifice
3700 2975 3905 3015 ornare
3952 2957 4158 3014 doctri-

2521 3047 2649 3085 nam
2684 3032 2959 3086 bonorum
2996 3047 3243 3102 operum,
3280 3031 3350 3086 Et
3388 3041 3569 3085 tamen
3610 3033 3680 3085 de
3715 3031 3804 3085 his
3853 3028 4157 3102 spirituali-

2519 3103 2626 3157 bus
2658 3103 2940 3174 operibus,
2977 3104 3047 3157 de
3078 3102 3208 3170 fide,
3245 3105 3317 3157 de
3353 3103 3649 3176 exercicijs
3685 3101 3814 3157 fidei
3842 3104 3900 3158 in
3934 3105 4160 3158 inuoca-

2519 3175 2689 3241 tione,
2726 3176 2778 3227 in
2817 3175 3074 3229 omnibus
3112 3177 3257 3231 vitae
3294 3176 3568 3247 negocijs,
3609 3172 3863 3247 consilijs
3912 3185 3971 3231 et
4011 3174 4157 3247 peri-

2522 3243 2683 3311 culiS,
2723 3244 2860 3301 nihil
2899 3247 3106 3315 dicunt,
3141 3247 3229 3301 Ac
3264 3266 3337 3303 ne
3373 3257 3561 3317 potest
3595 3247 3817 3319 quidem
3854 3256 4010 3303 recte
4048 3246 4159 3303 dici

2519 3320 2591 3372 de
2628 3317 2713 3373 his
2761 3319 3080 3392 exercicijs,
3129 3319 3190 3373 Si
3236 3320 3624 3374 conscienciae
3671 3316 4051 3406 relinquantur
4100 3320 4159 3373 in

2520 3391 2880 3456 dubitatione,
2918 3391 2978 3445 Si
3016 3391 3270 3446 nesciant
3290 3391 3466 3445 Deum
3505 3391 3787 3462 requirere
3824 3393 4009 3458 hdem,
4040 3401 4155 3447 tan-

2519 3480 2683 3587 ‹luam
2722 3465 3042 3534 precipuum
3079 3462 3312 3526 cultum,
3349 3462 3421 3517 Et
3457 3481 3582 3518 cum
3628 3461 3927 3518 offunditur
3971 3461 4156 3518 oculis

2519 3535 2615 3589 ila
2674 3536 2871 3608 ingens
2931 3536 3154 3605 species
3210 3546 3561 3590 externorum
3619 3553 3652 3587 o
3695 3552 3877 3602 erum,
3939 3544 4157 3590 mentes

2520 3608 2846 3679 praesertim
2884 3624 2995 3660 non
3034 3608 3174 3662 satis
3210 3608 3522 3672 institutae,
3562 3554 3913 3663 abtlhcuntur
3948 3625 3985 3663 a
4021 3623 4158 3662 con-

2520 3689 2718 3750 spectu
2772 3676 2970 3733 horum
3024 3680 3410 3733 exercitiorum
3476 3680 3812 3733 interiorum.
3904 3679 4157 3735 Necesse

2520 3759 2610 3805 est
2643 3760 2829 3806 autem
2867 3751 2922 3805 in
2958 3747 3217 3805 Ecclesia
3254 3751 3325 3805 de
3359 3747 3450 3803 his
3480 3750 3835 3806 interioribus
3874 3752 4157 3823 operibus,

2523 3832 2580 3878 et
2623 3821 2895 3878 fructibus
2951 3823 3180 3893 spiritns
3235 3823 3426 3878 doceri
3491 3822 3763 3877 homines.
3816 3821 3960 3878 Nam
4014 3822 4159 3878 hacc

2523 3911 2696 3965 opera
2733 3894 3030 3949 discrimen
3076 3892 3285 3948 faciunt
3332 3895 3478 3949 inter
3520 3895 3646 3966 pios
3703 3904 3760 3949 et
3811 3893 4158 3968 hypocritaS,

2523 3966 2801 4021 Externos
2838 3963 3042 4033 cultus,
3078 3977 3339 4021 externas
3384 3967 3762 4033 ceremonias,
3807 3977 3865 4022 et
3905 3965 4019 4022 alia
4061 3985 4158 4023 ex-

2523 4049 2684 4094 terna
2738 4055 2912 4109 opera
2968 4048 3255 4110 praestare
3303 4039 3464 4093 etiam
3516 4037 3845 4111 hypocritae
3895 4047 4156 4108 possunt.

2523 4111 2600 4166 At
2653 4108 2710 4164 hi
2765 4107 2949 4167 cultus
3002 4119 3211 4165 tantum
3264 4120 3395 4165 sunt
3441 4126 3611 4166 verae
3652 4109 3973 4178 Ecclesiae,
4020 4127 4159 4167 vera

2523 4182 2873 4253 poenitentia,
2908 4183 3088 4248 timor,
3124 4182 3285 4248 fides,
3322 4182 3620 4250 inuocatio,
3667 4193 3775 4239 etc.
3849 4182 3919 4237 Hi
3970 4180 4156 4238 cultu·

2518 4254 2785 4327 precipue
2847 4272 2908 4308 re
2953 4254 3201 4308 uit-untur
3253 4264 3311 4309 et
3374 4253 3670 4309 laudantur
3720 4255 3778 4308 ln
3842 4256 3954 4310 scri
3995 4254 4158 4323 turis,

2520 4337 2579 4381 vt
2632 4324 2859 4381 Psalmo
2946 4324 3000 4381 9.
3087 4324 3315 4382 immola
3366 4327 3496 4382 Deo
3557 4326 3895 4383 sacrificium
4045 4326 4156 4393 dtu,

2517 4397 2728 4455 lnuoca
2763 4414 2852 4453 me
2887 4399 2941 4454 in
2979 4397 3071 4454 die
3103 4396 3476 4455 tribulationis
3513 4407 3626 4454 etc.

2513 4587 2597 4643 01)
2625 4593 2820 4689 astrum
2846 4583 3144 4642 offlam.)
3169 4587 3235 4630 α’.
3259 4585 3345 4629 nd.
3374 4588 3444 4644 &3
3474 4587 3558 4632 nd.
3590 4587 3633 4632 4.
3663 4585 3751 4629 boc
3786 4592 3982 4630 mm
4020 4584 4157 4630 aad·

2703 4658 2792 4699 un,
