<?xml version="1.0" encoding="UTF-8"?>
<!DOCTYPE html PUBLIC "-//W3C//DTD XHTML 1.0 Transitional//EN"
    "http://www.w3.org/TR/xhtml1/DTD/xhtml1-transitional.dtd">
<html xmlns="http://www.w3.org/1999/xhtml" xml:lang="en" lang="en">
 <head>
  <title>
</title>
<meta http-equiv="Content-Type" content="text/html;charset=utf-8" />
  <meta name='ocr-system' content='tesseract 3.04.00' />
  <meta name='ocr-capabilities' content='ocr_page ocr_carea ocr_par ocr_line ocrx_word'/>
</head>
<body>
  <div class='ocr_page' id='page_1' title='image "./philippimelanth19melagoog_0161.png"; bbox 0 0 4966 5577; ppageno 0'>
   <div class='ocr_carea' id='block_1_1' title="bbox 831 593 981 651">
    <p class='ocr_par' dir='ltr' id='par_1_1' title="bbox 831 593 981 651">
     <span class='ocr_line' id='line_1_1' title="bbox 831 593 981 651; baseline 0 0"><span class='ocrx_word' id='word_1_1' title='bbox 831 600 842 611; x_wconf 63' lang='lat'>⁸</span> <span class='ocrx_word' id='word_1_2' title='bbox 870 593 981 651; x_wconf 74' lang='grc'><strong>295</strong></span> 
     </span>
    </p>
   </div>
   <div class='ocr_carea' id='block_1_2' title="bbox 871 749 2510 2116">
    <p class='ocr_par' dir='ltr' id='par_1_2' title="bbox 871 749 2510 2116">
     <span class='ocr_line' id='line_1_2' title="bbox 871 749 2506 824; baseline 0.002 -20"><span class='ocrx_word' id='word_1_3' title='bbox 871 749 962 807; x_wconf 89' lang='lat' dir='ltr'><strong>lus</strong></span> <span class='ocrx_word' id='word_1_4' title='bbox 1000 750 1151 820; x_wconf 82' lang='lat' dir='ltr'><strong>dicit,</strong></span> <span class='ocrx_word' id='word_1_5' title='bbox 1174 753 1264 817; x_wconf 74' lang='lat'><strong>⁶⁵)</strong></span> <span class='ocrx_word' id='word_1_6' title='bbox 1320 750 1719 824; x_wconf 86' lang='lat' dir='ltr'><strong>Vnusquisque</strong></span> <span class='ocrx_word' id='word_1_7' title='bbox 1749 756 1839 821; x_wconf 78' lang='lat'><strong>⁵⁶)</strong></span> <span class='ocrx_word' id='word_1_8' title='bbox 1893 754 2098 809; x_wconf 88' lang='lat' dir='ltr'><strong>habeat</strong></span> <span class='ocrx_word' id='word_1_9' title='bbox 2131 758 2220 822; x_wconf 79' lang='lat'><strong>⁵⁷)</strong></span> <span class='ocrx_word' id='word_1_10' title='bbox 2276 770 2506 808; x_wconf 85' lang='lat' dir='ltr'><strong>vxorem</strong></span> 
     </span>
     <span class='ocr_line' id='line_1_3' title="bbox 873 821 2508 894; baseline 0.002 -17"><span class='ocrx_word' id='word_1_11' title='bbox 873 839 1031 879; x_wconf 86' lang='lat' dir='ltr'><strong>suam</strong></span> <span class='ocrx_word' id='word_1_12' title='bbox 1047 832 1277 894; x_wconf 84' lang='lat' dir='ltr'><strong>propter</strong></span> <span class='ocrx_word' id='word_1_13' title='bbox 1292 821 1730 879; x_wconf 75' lang='lat' dir='ltr'><strong>fornicationem.</strong></span> <span class='ocrx_word' id='word_1_14' title='bbox 1757 828 1846 892; x_wconf 74' lang='lat'><strong>⁵8)</strong></span> <span class='ocrx_word' id='word_1_15' title='bbox 1893 826 2048 891; x_wconf 88' lang='lat' dir='ltr'><strong>ltem,</strong></span> <span class='ocrx_word' id='word_1_16' title='bbox 2085 823 2285 882; x_wconf 83' lang='lat' dir='ltr'><strong>Melius</strong></span> <span class='ocrx_word' id='word_1_17' title='bbox 2305 836 2393 880; x_wconf 91' lang='lat' dir='ltr'><strong>est</strong></span> <span class='ocrx_word' id='word_1_18' title='bbox 2415 828 2508 889; x_wconf 79' lang='lat'><strong>⁵⁹)</strong></span> 
     </span>
     <span class='ocr_line' id='line_1_4' title="bbox 872 895 2507 969; baseline 0.003 -20"><span class='ocrx_word' id='word_1_19' title='bbox 872 895 1084 949; x_wconf 88' lang='lat' dir='ltr'><strong>nubere</strong></span> <span class='ocrx_word' id='word_1_20' title='bbox 1128 912 1291 965; x_wconf 85' lang='lat' dir='ltr'><strong>quam</strong></span> <span class='ocrx_word' id='word_1_21' title='bbox 1338 896 1442 950; x_wconf 84' lang='lat' dir='ltr'><strong>vri.</strong></span> <span class='ocrx_word' id='word_1_22' title='bbox 1528 898 1822 968; x_wconf 86' lang='lat' dir='ltr'><strong>Secundo,</strong></span> <span class='ocrx_word' id='word_1_23' title='bbox 1877 898 2135 953; x_wconf 85' lang='lat' dir='ltr'><strong>Christus</strong></span> <span class='ocrx_word' id='word_1_24' title='bbox 2183 897 2394 969; x_wconf 88' lang='lat' dir='ltr'><strong>inquit,</strong></span> <span class='ocrx_word' id='word_1_25' title='bbox 2418 898 2507 962; x_wconf 83' lang='lat'><strong>⁶⁰)</strong></span> 
     </span>
     <span class='ocr_line' id='line_1_5' title="bbox 872 967 2507 1037; baseline 0.002 -18"><span class='ocrx_word' id='word_1_26' title='bbox 872 967 998 1021; x_wconf 86' lang='lat' dir='ltr'><strong>Non</strong></span> <span class='ocrx_word' id='word_1_27' title='bbox 1037 983 1232 1019; x_wconf 86' lang='lat' dir='ltr'><strong>omnes</strong></span> <span class='ocrx_word' id='word_1_28' title='bbox 1270 968 1493 1037; x_wconf 84' lang='lat' dir='ltr'><strong>capiunt</strong></span> <span class='ocrx_word' id='word_1_29' title='bbox 1533 971 1762 1024; x_wconf 80' lang='lat' dir='ltr'><strong>verbum</strong></span> <span class='ocrx_word' id='word_1_30' title='bbox 1783 968 1915 1035; x_wconf 90' lang='lat' dir='ltr'><strong>hoc,</strong></span> <span class='ocrx_word' id='word_1_31' title='bbox 1953 969 2048 1023; x_wconf 85' lang='lat' dir='ltr'><strong>vbi</strong></span> <span class='ocrx_word' id='word_1_32' title='bbox 2071 974 2163 1037; x_wconf 68' lang='grc'><strong>31)</strong></span> <span class='ocrx_word' id='word_1_33' title='bbox 2200 972 2366 1025; x_wconf 83' lang='lat' dir='ltr'><strong>docet</strong></span> <span class='ocrx_word' id='word_1_34' title='bbox 2392 985 2507 1023; x_wconf 84' lang='lat' dir='ltr'><strong>non</strong></span> 
     </span>
     <span class='ocr_line' id='line_1_6' title="bbox 874 1035 2508 1107; baseline 0.004 -17"><span class='ocrx_word' id='word_1_35' title='bbox 874 1053 1072 1091; x_wconf 85' lang='lat' dir='ltr'><strong>omnes</strong></span> <span class='ocrx_word' id='word_1_36' title='bbox 1126 1035 1379 1092; x_wconf 90' lang='lat' dir='ltr'><strong>homines</strong></span> <span class='ocrx_word' id='word_1_37' title='bbox 1436 1041 1506 1094; x_wconf 84' lang='lat' dir='ltr'><strong>ad</strong></span> <span class='ocrx_word' id='word_1_38' title='bbox 1566 1040 1900 1096; x_wconf 85' lang='lat' dir='ltr'><strong>coelibatum</strong></span> <span class='ocrx_word' id='word_1_39' title='bbox 1944 1042 2178 1098; x_wconf 89' lang='lat' dir='ltr'><strong>idoneos</strong></span> <span class='ocrx_word' id='word_1_40' title='bbox 2225 1057 2383 1107; x_wconf 86' lang='lat' dir='ltr'><strong>esse,</strong></span> <span class='ocrx_word' id='word_1_41' title='bbox 2417 1043 2508 1105; x_wconf 76' lang='lat'><strong>⁶2)</strong></span> 
     </span>
     <span class='ocr_line' id='line_1_7' title="bbox 912 1108 2508 1185; baseline 0.002 -23"><span class='ocrx_word' id='word_1_42' title='bbox 912 1109 1002 1162; x_wconf 90' lang='lat' dir='ltr'><strong>uia</strong></span> <span class='ocrx_word' id='word_1_43' title='bbox 1040 1108 1198 1164; x_wconf 89' lang='lat' dir='ltr'><strong>Deus</strong></span> <span class='ocrx_word' id='word_1_44' title='bbox 1237 1113 1448 1165; x_wconf 90' lang='lat' dir='ltr'><strong>creauit</strong></span> <span class='ocrx_word' id='word_1_45' title='bbox 1482 1110 1757 1168; x_wconf 87' lang='lat' dir='ltr'><strong>hominem</strong></span> <span class='ocrx_word' id='word_1_46' title='bbox 1793 1115 1886 1183; x_wconf 79' lang='lat'><strong>⁶³)</strong></span> <span class='ocrx_word' id='word_1_47' title='bbox 1931 1113 2003 1167; x_wconf 89' lang='lat' dir='ltr'><strong>ad</strong></span> <span class='ocrx_word' id='word_1_48' title='bbox 2048 1114 2508 1185; x_wconf 77' lang='lat' dir='ltr'><strong>procreationem,</strong></span> 
     </span>
     <span class='ocr_line' id='line_1_8' title="bbox 928 1181 2507 1255; baseline 0.003 -21"><span class='ocrx_word' id='word_1_49' title='bbox 928 1196 1051 1235; x_wconf 89' lang='lat' dir='ltr'><strong>ene.</strong></span> <span class='ocrx_word' id='word_1_50' title='bbox 1093 1181 1142 1235; x_wconf 94' lang='lat'><strong>1.</strong></span> <span class='ocrx_word' id='word_1_51' title='bbox 1217 1181 1336 1236; x_wconf 81' lang='lat' dir='ltr'><strong>Nec</strong></span> <span class='ocrx_word' id='word_1_52' title='bbox 1373 1193 1462 1237; x_wconf 87' lang='lat' dir='ltr'><strong>est</strong></span> <span class='ocrx_word' id='word_1_53' title='bbox 1490 1183 1766 1240; x_wconf 86' lang='lat' dir='ltr'><strong>humanae</strong></span> <span class='ocrx_word' id='word_1_54' title='bbox 1793 1186 2109 1255; x_wconf 80' lang='lat' dir='ltr'><strong>potestatis,</strong></span> <span class='ocrx_word' id='word_1_55' title='bbox 2130 1189 2222 1251; x_wconf 82' lang='lat'><strong>⁶⁴)</strong></span> <span class='ocrx_word' id='word_1_56' title='bbox 2258 1185 2382 1240; x_wconf 86' lang='lat' dir='ltr'><strong>sine</strong></span> <span class='ocrx_word' id='word_1_57' title='bbox 2398 1185 2507 1240; x_wconf 83' lang='lat' dir='ltr'><strong>sin-</strong></span> 
     </span>
     <span class='ocr_line' id='line_1_9' title="bbox 972 1253 2505 1325; baseline 0.002 -19"><span class='ocrx_word' id='word_1_58' title='bbox 972 1253 1055 1306; x_wconf 90' lang='lat' dir='ltr'><strong>ari</strong></span> <span class='ocrx_word' id='word_1_59' title='bbox 1095 1253 1243 1307; x_wconf 90' lang='lat' dir='ltr'><strong>dono</strong></span> <span class='ocrx_word' id='word_1_60' title='bbox 1292 1264 1346 1309; x_wconf 88' lang='lat' dir='ltr'><strong>et</strong></span> <span class='ocrx_word' id='word_1_61' title='bbox 1389 1272 1561 1325; x_wconf 89' lang='lat' dir='ltr'><strong>opere</strong></span> <span class='ocrx_word' id='word_1_62' title='bbox 1605 1254 1714 1311; x_wconf 90' lang='lat' dir='ltr'><strong>Dei</strong></span> <span class='ocrx_word' id='word_1_63' title='bbox 1764 1257 2103 1313; x_wconf 81' lang='lat' dir='ltr'><strong>creationem</strong></span> <span class='ocrx_word' id='word_1_64' title='bbox 2134 1261 2224 1322; x_wconf 79' lang='lat'><strong>⁶⁵)</strong></span> <span class='ocrx_word' id='word_1_65' title='bbox 2274 1267 2505 1312; x_wconf 88' lang='lat' dir='ltr'><strong>mutare.</strong></span> 
     </span>
     <span class='ocr_line' id='line_1_10' title="bbox 899 1325 2506 1396; baseline 0.003 -19"><span class='ocrx_word' id='word_1_66' title='bbox 899 1325 1047 1395; x_wconf 82' lang='lat' dir='ltr'><strong>gitur</strong></span> <span class='ocrx_word' id='word_1_67' title='bbox 1071 1325 1162 1395; x_wconf 76' lang='lat'><strong>⁸⁶)</strong></span> <span class='ocrx_word' id='word_1_68' title='bbox 1207 1326 1298 1396; x_wconf 81' lang='lat' dir='ltr'><strong>qui</strong></span> <span class='ocrx_word' id='word_1_69' title='bbox 1347 1343 1458 1380; x_wconf 89' lang='lat' dir='ltr'><strong>non</strong></span> <span class='ocrx_word' id='word_1_70' title='bbox 1504 1339 1634 1383; x_wconf 75' lang='lat' dir='ltr'><strong>sunt</strong></span> <span class='ocrx_word' id='word_1_71' title='bbox 1680 1329 1979 1391; x_wconf 79' lang='lat' dir='ltr'><strong>idonei⁴³⁷)</strong></span> <span class='ocrx_word' id='word_1_72' title='bbox 2025 1331 2099 1385; x_wconf 87' lang='lat' dir='ltr'><strong>ad</strong></span> <span class='ocrx_word' id='word_1_73' title='bbox 2148 1327 2506 1393; x_wconf 88' lang='lat' dir='ltr'><strong>coelibatum,</strong></span> 
     </span>
     <span class='ocr_line' id='line_1_11' title="bbox 874 1397 2505 1458; baseline 0.003 -10"><span class='ocrx_word' id='word_1_74' title='bbox 874 1397 1078 1450; x_wconf 87' lang='lat' dir='ltr'><strong>debent</strong></span> <span class='ocrx_word' id='word_1_75' title='bbox 1128 1398 1460 1452; x_wconf 80' lang='lat' dir='ltr'><strong>contrahere</strong></span> <span class='ocrx_word' id='word_1_76' title='bbox 1506 1400 1919 1455; x_wconf 80' lang='lat' dir='ltr'><strong>matrimonium.</strong></span> <span class='ocrx_word' id='word_1_77' title='bbox 2001 1400 2144 1456; x_wconf 84' lang='lat' dir='ltr'><strong>Nam</strong></span> <span class='ocrx_word' id='word_1_78' title='bbox 2188 1402 2505 1458; x_wconf 88' lang='lat' dir='ltr'><strong>mandatum</strong></span> 
     </span>
     <span class='ocr_line' id='line_1_12' title="bbox 873 1464 2508 1540; baseline 0.002 -20"><span class='ocrx_word' id='word_1_79' title='bbox 873 1464 981 1521; x_wconf 91' lang='lat' dir='ltr'><strong>Dei</strong></span> <span class='ocrx_word' id='word_1_80' title='bbox 1019 1476 1073 1520; x_wconf 88' lang='lat' dir='ltr'><strong>et</strong></span> <span class='ocrx_word' id='word_1_81' title='bbox 1110 1469 1511 1524; x_wconf 78' lang='lat' dir='ltr'><strong>ordinationem</strong></span> <span class='ocrx_word' id='word_1_82' title='bbox 1536 1469 1659 1537; x_wconf 90' lang='lat' dir='ltr'><strong>Dei,</strong></span> <span class='ocrx_word' id='word_1_83' title='bbox 1694 1469 1849 1527; x_wconf 87' lang='lat' dir='ltr'><strong>nulla</strong></span> <span class='ocrx_word' id='word_1_84' title='bbox 1883 1469 1979 1527; x_wconf 82' lang='lat' dir='ltr'><strong>lex</strong></span> <span class='ocrx_word' id='word_1_85' title='bbox 1998 1472 2259 1540; x_wconf 84' lang='lat' dir='ltr'><strong>humana,</strong></span> <span class='ocrx_word' id='word_1_86' title='bbox 2293 1470 2508 1527; x_wconf 89' lang='lat' dir='ltr'><strong>nullum</strong></span> 
     </span>
     <span class='ocr_line' id='line_1_13' title="bbox 874 1537 2509 1612; baseline 0.004 -21"><span class='ocrx_word' id='word_1_87' title='bbox 874 1549 1062 1594; x_wconf 85' lang='lat' dir='ltr'><strong>votum</strong></span> <span class='ocrx_word' id='word_1_88' title='bbox 1102 1537 1301 1595; x_wconf 85' lang='lat' dir='ltr'><strong>tollere</strong></span> <span class='ocrx_word' id='word_1_89' title='bbox 1337 1551 1543 1612; x_wconf 85' lang='lat' dir='ltr'><strong>potest.</strong></span> <span class='ocrx_word' id='word_1_90' title='bbox 1617 1542 1704 1597; x_wconf 85' lang='lat' dir='ltr'><strong>Ex</strong></span> <span class='ocrx_word' id='word_1_91' title='bbox 1740 1542 1829 1598; x_wconf 82' lang='lat' dir='ltr'><strong>his</strong></span> <span class='ocrx_word' id='word_1_92' title='bbox 1854 1547 1943 1611; x_wconf 78' lang='lat'><strong>⁶⁸)</strong></span> <span class='ocrx_word' id='word_1_93' title='bbox 1981 1547 2168 1600; x_wconf 80' lang='lat' dir='ltr'><strong>caus-is</strong></span> <span class='ocrx_word' id='word_1_94' title='bbox 2188 1546 2390 1600; x_wconf 81' lang='lat' dir='ltr'><strong>docent</strong></span> <span class='ocrx_word' id='word_1_95' title='bbox 2408 1544 2509 1595; x_wconf 83' lang='lat' dir='ltr'><strong>Sa·</strong></span> 
     </span>
     <span class='ocr_line' id='line_1_14' title="bbox 877 1610 2509 1682; baseline 0.003 -18"><span class='ocrx_word' id='word_1_96' title='bbox 877 1612 1136 1665; x_wconf 85' lang='lat' dir='ltr'><strong>cerdotes</strong></span> <span class='ocrx_word' id='word_1_97' title='bbox 1154 1613 1260 1665; x_wconf 82' lang='lat' dir='ltr'><strong>sibi</strong></span> <span class='ocrx_word' id='word_1_98' title='bbox 1279 1610 1450 1668; x_wconf 83' lang='lat' dir='ltr'><strong>licere</strong></span> <span class='ocrx_word' id='word_1_99' title='bbox 1476 1616 1563 1682; x_wconf 74' lang='grc' dir='ltr'><strong>ϋ9)</strong></span> <span class='ocrx_word' id='word_1_100' title='bbox 1586 1632 1790 1670; x_wconf 83' lang='lat' dir='ltr'><strong>vxores</strong></span> <span class='ocrx_word' id='word_1_101' title='bbox 1811 1616 2031 1672; x_wconf 87' lang='lat' dir='ltr'><strong>ducere.</strong></span> <span class='ocrx_word' id='word_1_102' title='bbox 2091 1616 2325 1672; x_wconf 85' lang='lat' dir='ltr'><strong>Constat</strong></span> <span class='ocrx_word' id='word_1_103' title='bbox 2343 1616 2509 1670; x_wconf 87' lang='lat' dir='ltr'><strong>etiam</strong></span> 
     </span>
     <span class='ocr_line' id='line_1_15' title="bbox 872 1680 2510 1751; baseline 0.002 -16"><span class='ocrx_word' id='word_1_104' title='bbox 872 1683 928 1735; x_wconf 88' lang='lat' dir='ltr'><strong>in</strong></span> <span class='ocrx_word' id='word_1_105' title='bbox 967 1680 1220 1737; x_wconf 81' lang='lat' dir='ltr'><strong>Ecclesia</strong></span> <span class='ocrx_word' id='word_1_106' title='bbox 1264 1685 1351 1750; x_wconf 81' lang='lat'><strong>⁷⁰)</strong></span> <span class='ocrx_word' id='word_1_107' title='bbox 1398 1687 1601 1751; x_wconf 78' lang='lat' dir='ltr'><strong>veteri,</strong></span> <span class='ocrx_word' id='word_1_108' title='bbox 1656 1686 1996 1743; x_wconf 75' lang='lat' dir='ltr'><strong>Sacerdotes</strong></span> <span class='ocrx_word' id='word_1_109' title='bbox 2045 1688 2224 1744; x_wconf 81' lang='lat' dir='ltr'><strong>fuisse</strong></span> <span class='ocrx_word' id='word_1_110' title='bbox 2260 1689 2510 1744; x_wconf 75' lang='lat' dir='ltr'><strong>maritos·</strong></span> 
     </span>
     <span class='ocr_line' id='line_1_16' title="bbox 872 1753 2510 1834; baseline 0.004 -27"><span class='ocrx_word' id='word_1_111' title='bbox 872 1753 1015 1809; x_wconf 87' lang='lat' dir='ltr'><strong>Nam</strong></span> <span class='ocrx_word' id='word_1_112' title='bbox 1055 1764 1108 1808; x_wconf 88' lang='lat' dir='ltr'><strong>et</strong></span> <span class='ocrx_word' id='word_1_113' title='bbox 1147 1753 1353 1809; x_wconf 77' lang='lat' dir='ltr'><strong>Paulus</strong></span> <span class='ocrx_word' id='word_1_114' title='bbox 1390 1757 1468 1810; x_wconf 88' lang='lat' dir='ltr'><strong>ait</strong></span> <span class='ocrx_word' id='word_1_115' title='bbox 1511 1756 1849 1829; x_wconf 84' lang='lat' dir='ltr'><strong>Episcopum</strong></span> <span class='ocrx_word' id='word_1_116' title='bbox 1899 1758 2214 1834; x_wconf 77' lang='lat' dir='ltr'><strong>eligendum</strong></span> <span class='ocrx_word' id='word_1_117' title='bbox 2251 1777 2380 1815; x_wconf 83' lang='lat' dir='ltr'><strong>esse</strong></span> <span class='ocrx_word' id='word_1_118' title='bbox 2417 1758 2510 1831; x_wconf 87' lang='lat' dir='ltr'><strong>qui</strong></span> 
     </span>
     <span class='ocr_line' id='line_1_17' title="bbox 874 1825 2508 1901; baseline 0.004 -24"><span class='ocrx_word' id='word_1_119' title='bbox 874 1826 944 1878; x_wconf 89' lang='lat' dir='ltr'><strong>sit</strong></span> <span class='ocrx_word' id='word_1_120' title='bbox 981 1826 1231 1880; x_wconf 87' lang='lat' dir='ltr'><strong>maritus.</strong></span> <span class='ocrx_word' id='word_1_121' title='bbox 1303 1825 1376 1880; x_wconf 87' lang='lat' dir='ltr'><strong>Et</strong></span> <span class='ocrx_word' id='word_1_122' title='bbox 1417 1829 1469 1880; x_wconf 92' lang='lat' dir='ltr'><strong>in</strong></span> <span class='ocrx_word' id='word_1_123' title='bbox 1520 1829 1814 1885; x_wconf 79' lang='lat' dir='ltr'><strong>Germania</strong></span> <span class='ocrx_word' id='word_1_124' title='bbox 1869 1833 2099 1901; x_wconf 89' lang='lat' dir='ltr'><strong>primum</strong></span> <span class='ocrx_word' id='word_1_125' title='bbox 2148 1841 2279 1887; x_wconf 90' lang='lat' dir='ltr'><strong>ante</strong></span> <span class='ocrx_word' id='word_1_126' title='bbox 2323 1847 2508 1886; x_wconf 90' lang='lat' dir='ltr'><strong>annos</strong></span> 
     </span>
     <span class='ocr_line' id='line_1_18' title="bbox 874 1898 2509 1969; baseline 0.004 -19"><span class='ocrx_word' id='word_1_127' title='bbox 874 1898 1329 1969; x_wconf 82' lang='lat' dir='ltr'><strong>quadringentos,</strong></span> <span class='ocrx_word' id='word_1_128' title='bbox 1369 1899 1705 1956; x_wconf 82' lang='lat' dir='ltr'><strong>Sacerdotes</strong></span> <span class='ocrx_word' id='word_1_129' title='bbox 1734 1902 1788 1956; x_wconf 85' lang='lat' dir='ltr'><strong>vi</strong></span> <span class='ocrx_word' id='word_1_130' title='bbox 1814 1904 1902 1968; x_wconf 83' lang='lat'><strong>⁷¹)</strong></span> <span class='ocrx_word' id='word_1_131' title='bbox 1943 1904 2123 1959; x_wconf 88' lang='lat' dir='ltr'><strong>coacti</strong></span> <span class='ocrx_word' id='word_1_132' title='bbox 2142 1912 2272 1961; x_wconf 83' lang='lat' dir='ltr'><strong>sunt</strong></span> <span class='ocrx_word' id='word_1_133' title='bbox 2289 1903 2360 1961; x_wconf 88' lang='lat' dir='ltr'><strong>ad</strong></span> <span class='ocrx_word' id='word_1_134' title='bbox 2382 1919 2509 1959; x_wconf 91' lang='lat' dir='ltr'><strong>coe-</strong></span> 
     </span>
     <span class='ocr_line' id='line_1_19' title="bbox 875 1965 2509 2043; baseline 0.004 -22"><span class='ocrx_word' id='word_1_135' title='bbox 875 1965 1123 2033; x_wconf 77' lang='lat' dir='ltr'><strong>libatum,</strong></span> <span class='ocrx_word' id='word_1_136' title='bbox 1160 1972 1251 2041; x_wconf 86' lang='lat' dir='ltr'><strong>qui</strong></span> <span class='ocrx_word' id='word_1_137' title='bbox 1278 1973 1365 2035; x_wconf 71' lang='lat'><strong>⁷2)</strong></span> <span class='ocrx_word' id='word_1_138' title='bbox 1403 1972 1622 2043; x_wconf 82' lang='lat' dir='ltr'><strong>quidem</strong></span> <span class='ocrx_word' id='word_1_139' title='bbox 1643 1974 1783 2028; x_wconf 85' lang='lat' dir='ltr'><strong>adeo</strong></span> <span class='ocrx_word' id='word_1_140' title='bbox 1819 1975 2101 2031; x_wconf 87' lang='lat' dir='ltr'><strong>aduersati</strong></span> <span class='ocrx_word' id='word_1_141' title='bbox 2138 1986 2289 2041; x_wconf 88' lang='lat' dir='ltr'><strong>sunt,</strong></span> <span class='ocrx_word' id='word_1_142' title='bbox 2329 1985 2387 2031; x_wconf 84' lang='lat' dir='ltr'><strong>vt</strong></span> <span class='ocrx_word' id='word_1_143' title='bbox 2403 1973 2509 2029; x_wconf 87' lang='lat' dir='ltr'><strong>Ar-</strong></span> 
     </span>
     <span class='ocr_line' id='line_1_20' title="bbox 874 2038 2506 2116; baseline 0.004 -22"><span class='ocrx_word' id='word_1_144' title='bbox 874 2038 1264 2111; x_wconf 84' lang='lat' dir='ltr'><strong>chiepiscopus</strong></span> <span class='ocrx_word' id='word_1_145' title='bbox 1285 2041 1647 2115; x_wconf 75' lang='lat' dir='ltr'><strong>Moguntinus</strong></span> <span class='ocrx_word' id='word_1_146' title='bbox 1679 2042 2059 2116; x_wconf 74' lang='lat' dir='ltr'><strong>publicatur-us</strong></span> <span class='ocrx_word' id='word_1_147' title='bbox 2088 2048 2328 2104; x_wconf 89' lang='lat' dir='ltr'><strong>edictum</strong></span> <span class='ocrx_word' id='word_1_148' title='bbox 2345 2045 2506 2102; x_wconf 87' lang='lat' dir='ltr'><strong>Rom.</strong></span> 
     </span>
    </p>
   </div>
   <div class='ocr_carea' id='block_1_3' title="bbox 1618 590 3476 653">
    <p class='ocr_par' dir='ltr' id='par_1_3' title="bbox 1618 590 3476 653">
     <span class='ocr_line' id='line_1_21' title="bbox 1618 590 3476 653; baseline 0.001 -4"><span class='ocrx_word' id='word_1_149' title='bbox 1618 593 1809 652; x_wconf 82' lang='lat' dir='ltr'><strong>PfflL.</strong></span> <span class='ocrx_word' id='word_1_150' title='bbox 1847 595 2020 653; x_wconf 80' lang='lat' dir='ltr'><strong>MEL.</strong></span> <span class='ocrx_word' id='word_1_151' title='bbox 2056 595 2372 653; x_wconf 81' lang='lat' dir='ltr'>SCRIPTA</span> <span class='ocrx_word' id='word_1_152' title='bbox 2404 591 2854 651; x_wconf 80' lang='lat' dir='ltr'><strong>DOGMA&#39;ncA</strong></span> <span class='ocrx_word' id='word_1_153' title='bbox 2887 590 2989 651; x_wconf 82' lang='grc' dir='ltr'><strong>ΕΤ,</strong></span> <span class='ocrx_word' id='word_1_154' title='bbox 3019 592 3476 651; x_wconf 77' lang='lat' dir='ltr'><strong>SYMBOLch.</strong></span> 
     </span>
    </p>
   </div>
   <div class='ocr_carea' id='block_1_4' title="bbox 2544 851 2555 1155">
    <p class='ocr_par' dir='ltr' id='par_1_4' title="bbox 2544 851 2555 1155">
     <span class='ocr_line' id='line_1_22' title="bbox 2544 851 2555 1155; baseline 0 0"><span class='ocrx_word' id='word_1_155' title='bbox 2544 851 2555 1155; x_wconf 95' lang='lat' dir='ltr'><strong> </strong></span> 
     </span>
    </p>
   </div>
   <div class='ocr_carea' id='block_1_5' title="bbox 2586 1272 2658 1900">
    <p class='ocr_par' dir='ltr' id='par_1_5' title="bbox 2543 1159 2658 2214">
     <span class='ocr_line' id='line_1_23' title="bbox 2586 1272 2658 1900; baseline 0 -575"><span class='ocrx_word' id='word_1_156' title='bbox 2586 1272 2658 1900; x_wconf 57' lang='lat'><em>3</em></span> 
     </span>
    </p>
   </div>
   <div class='ocr_carea' id='block_1_6' title="bbox 2583 750 4227 1900">
    <p class='ocr_par' dir='ltr' id='par_1_6' title="bbox 2584 750 4227 1468">
     <span class='ocr_line' id='line_1_24' title="bbox 2729 750 4226 823; baseline 0.003 -17"><span class='ocrx_word' id='word_1_157' title='bbox 2729 750 2803 806; x_wconf 87' lang='lat' dir='ltr'><strong>Et</strong></span> <span class='ocrx_word' id='word_1_158' title='bbox 2822 768 2947 806; x_wconf 91' lang='lat' dir='ltr'><strong>cum</strong></span> <span class='ocrx_word' id='word_1_159' title='bbox 2977 758 3312 806; x_wconf 79' lang='lat' dir='ltr'><strong>senescente</strong></span> <span class='ocrx_word' id='word_1_160' title='bbox 3329 752 3555 818; x_wconf 87' lang='lat' dir='ltr'><strong>mundo,</strong></span> <span class='ocrx_word' id='word_1_161' title='bbox 3590 750 3854 823; x_wconf 85' lang='lat' dir='ltr'><strong>paulatim</strong></span> <span class='ocrx_word' id='word_1_162' title='bbox 3890 763 4089 809; x_wconf 88' lang='lat' dir='ltr'><strong>natura</strong></span> <span class='ocrx_word' id='word_1_163' title='bbox 4122 753 4226 812; x_wconf 83' lang='lat' dir='ltr'><strong>hu-</strong></span> 
     </span>
     <span class='ocr_line' id='line_1_25' title="bbox 2586 820 4227 897; baseline 0.002 -19"><span class='ocrx_word' id='word_1_164' title='bbox 2586 839 2752 879; x_wconf 89' lang='lat' dir='ltr'><strong>mana</strong></span> <span class='ocrx_word' id='word_1_165' title='bbox 2770 825 2863 889; x_wconf 81' lang='lat'><strong>⁸⁰)</strong></span> <span class='ocrx_word' id='word_1_166' title='bbox 2912 822 3010 877; x_wconf 87' lang='lat' dir='ltr'><strong>fiat</strong></span> <span class='ocrx_word' id='word_1_167' title='bbox 3044 820 3405 888; x_wconf 80' lang='lat' dir='ltr'><strong>imbecillior,</strong></span> <span class='ocrx_word' id='word_1_168' title='bbox 3454 824 3714 880; x_wconf 87' lang='lat' dir='ltr'><strong>conuenit</strong></span> <span class='ocrx_word' id='word_1_169' title='bbox 3750 826 4103 897; x_wconf 84' lang='lat' dir='ltr'><strong>prospicere,</strong></span> <span class='ocrx_word' id='word_1_170' title='bbox 4149 843 4227 883; x_wconf 89' lang='lat' dir='ltr'><strong>ue</strong></span> 
     </span>
     <span class='ocr_line' id='line_1_26' title="bbox 2585 892 4227 965; baseline 0.004 -17"><span class='ocrx_word' id='word_1_171' title='bbox 2585 892 2644 964; x_wconf 92' lang='lat' dir='ltr'><strong>pl</strong></span> <span class='ocrx_word' id='word_1_172' title='bbox 2713 913 2747 951; x_wconf 92' lang='lat' dir='ltr'><strong>a</strong></span> <span class='ocrx_word' id='word_1_173' title='bbox 2794 894 2925 949; x_wconf 87' lang='lat' dir='ltr'><strong>vitia</strong></span> <span class='ocrx_word' id='word_1_174' title='bbox 2980 902 3234 965; x_wconf 49' lang='lat' dir='ltr'><strong>serpant,</strong></span> <span class='ocrx_word' id='word_1_175' title='bbox 3269 895 3325 949; x_wconf 89' lang='lat' dir='ltr'><strong>in</strong></span> <span class='ocrx_word' id='word_1_176' title='bbox 3374 893 3745 951; x_wconf 85' lang='lat' dir='ltr'><strong>Germaniam.</strong></span> <span class='ocrx_word' id='word_1_177' title='bbox 3833 895 4012 953; x_wconf 87' lang='lat' dir='ltr'><strong>Porro</strong></span> <span class='ocrx_word' id='word_1_178' title='bbox 4060 896 4227 954; x_wconf 79' lang='lat' dir='ltr'><strong>Deus</strong></span> 
     </span>
     <span class='ocr_line' id='line_1_27' title="bbox 2585 966 4226 1037; baseline 0.002 -16"><span class='ocrx_word' id='word_1_179' title='bbox 2585 968 2640 1022; x_wconf 92' lang='lat' dir='ltr'><strong>in</strong></span> <span class='ocrx_word' id='word_1_180' title='bbox 2675 966 2820 1020; x_wconf 86' lang='lat' dir='ltr'><strong>tituit</strong></span> <span class='ocrx_word' id='word_1_181' title='bbox 2859 966 3190 1037; x_wconf 81' lang='lat' dir='ltr'><strong>coniugium,</strong></span> <span class='ocrx_word' id='word_1_182' title='bbox 3228 976 3287 1020; x_wconf 80' lang='lat' dir='ltr'><strong>vt</strong></span> <span class='ocrx_word' id='word_1_183' title='bbox 3326 974 3479 1019; x_wconf 85' lang='lat' dir='ltr'><strong>esset</strong></span> <span class='ocrx_word' id='word_1_184' title='bbox 3506 969 3805 1023; x_wconf 84' lang='lat' dir='ltr'><strong>remedium</strong></span> <span class='ocrx_word' id='word_1_185' title='bbox 3835 968 4111 1024; x_wconf 86' lang='lat' dir='ltr'><strong>humanae</strong></span> <span class='ocrx_word' id='word_1_186' title='bbox 4146 970 4226 1024; x_wconf 88' lang='lat' dir='ltr'><strong>in·</strong></span> 
     </span>
     <span class='ocr_line' id='line_1_28' title="bbox 2586 1034 4224 1112; baseline 0.002 -21"><span class='ocrx_word' id='word_1_187' title='bbox 2586 1038 2876 1092; x_wconf 60' lang='lat' dir='ltr'><strong>firmitati&amp;</strong></span> <span class='ocrx_word' id='word_1_188' title='bbox 2951 1037 3064 1109; x_wconf 89' lang='lat' dir='ltr'><strong>lpsi</strong></span> <span class='ocrx_word' id='word_1_189' title='bbox 3084 1034 3347 1092; x_wconf 86' lang='lat' dir='ltr'><strong>Canones</strong></span> <span class='ocrx_word' id='word_1_190' title='bbox 3385 1048 3630 1093; x_wconf 85' lang='lat' dir='ltr'><strong>veterem</strong></span> <span class='ocrx_word' id='word_1_191' title='bbox 3650 1043 3744 1105; x_wconf 78' lang='lat'><strong>⁸¹)</strong></span> <span class='ocrx_word' id='word_1_192' title='bbox 3775 1042 4016 1112; x_wconf 75' lang='lat' dir='ltr'><strong>rigorem</strong></span> <span class='ocrx_word' id='word_1_193' title='bbox 4052 1042 4224 1096; x_wconf 85' lang='lat' dir='ltr'><strong>inter-</strong></span> 
     </span>
     <span class='ocr_line' id='line_1_29' title="bbox 2587 1109 4227 1183; baseline 0.002 -19"><span class='ocrx_word' id='word_1_194' title='bbox 2587 1109 2713 1165; x_wconf 89' lang='lat' dir='ltr'><strong>dum</strong></span> <span class='ocrx_word' id='word_1_195' title='bbox 2760 1109 3168 1180; x_wconf 85' lang='lat' dir='ltr'><strong>posterioribus</strong></span> <span class='ocrx_word' id='word_1_196' title='bbox 3214 1109 3555 1179; x_wconf 82' lang='lat' dir='ltr'><strong>temporibus</strong></span> <span class='ocrx_word' id='word_1_197' title='bbox 3599 1122 3826 1183; x_wconf 88' lang='lat' dir='ltr'><strong>propter</strong></span> <span class='ocrx_word' id='word_1_198' title='bbox 3879 1110 4227 1169; x_wconf 86' lang='lat' dir='ltr'><strong>imbecillita-</strong></span> 
     </span>
     <span class='ocr_line' id='line_1_30' title="bbox 2586 1179 4226 1256; baseline 0.003 -20"><span class='ocrx_word' id='word_1_199' title='bbox 2586 1190 2695 1236; x_wconf 90' lang='lat' dir='ltr'><strong>tem</strong></span> <span class='ocrx_word' id='word_1_200' title='bbox 2716 1183 2806 1247; x_wconf 74' lang='lat'><strong>82)</strong></span> <span class='ocrx_word' id='word_1_201' title='bbox 2869 1179 3149 1236; x_wconf 86' lang='lat' dir='ltr'><strong>hominum</strong></span> <span class='ocrx_word' id='word_1_202' title='bbox 3213 1179 3512 1237; x_wconf 82' lang='lat' dir='ltr'><strong>laxandum</strong></span> <span class='ocrx_word' id='word_1_203' title='bbox 3575 1197 3706 1237; x_wconf 80' lang='lat' dir='ltr'><strong>esse</strong></span> <span class='ocrx_word' id='word_1_204' title='bbox 3782 1184 4000 1250; x_wconf 86' lang='lat' dir='ltr'><strong>dicunt,</strong></span> <span class='ocrx_word' id='word_1_205' title='bbox 4073 1186 4226 1256; x_wconf 83' lang='lat' dir='ltr'><strong>quod</strong></span> 
     </span>
     <span class='ocr_line' id='line_1_31' title="bbox 2586 1250 4227 1327; baseline 0.002 -20"><span class='ocrx_word' id='word_1_206' title='bbox 2586 1270 2620 1307; x_wconf 90' lang='lat' dir='ltr'><strong>o</strong></span> <span class='ocrx_word' id='word_1_207' title='bbox 2659 1253 2885 1307; x_wconf 87' lang='lat' dir='ltr'><strong>tandum</strong></span> <span class='ocrx_word' id='word_1_208' title='bbox 2915 1261 3003 1306; x_wconf 85' lang='lat' dir='ltr'><strong>est</strong></span> <span class='ocrx_word' id='word_1_209' title='bbox 3027 1254 3116 1320; x_wconf 78' lang='lat'><strong>⁸³)</strong></span> <span class='ocrx_word' id='word_1_210' title='bbox 3137 1261 3197 1307; x_wconf 85' lang='lat' dir='ltr'><strong>vt</strong></span> <span class='ocrx_word' id='word_1_211' title='bbox 3214 1250 3311 1306; x_wconf 83' lang='lat' dir='ltr'><strong>flat</strong></span> <span class='ocrx_word' id='word_1_212' title='bbox 3339 1261 3397 1308; x_wconf 87' lang='lat' dir='ltr'><strong>et</strong></span> <span class='ocrx_word' id='word_1_213' title='bbox 3429 1254 3485 1307; x_wconf 87' lang='lat' dir='ltr'><strong>in</strong></span> <span class='ocrx_word' id='word_1_214' title='bbox 3505 1251 3616 1307; x_wconf 90' lang='lat' dir='ltr'><strong>hoc</strong></span> <span class='ocrx_word' id='word_1_215' title='bbox 3637 1255 3890 1327; x_wconf 83' lang='lat' dir='ltr'><strong>negocio.</strong></span> <span class='ocrx_word' id='word_1_216' title='bbox 3930 1256 4016 1311; x_wconf 82' lang='lat' dir='ltr'><strong>Ac</strong></span> <span class='ocrx_word' id='word_1_217' title='bbox 4034 1257 4227 1311; x_wconf 81' lang='lat' dir='ltr'><strong>viden-</strong></span> 
     </span>
     <span class='ocr_line' id='line_1_32' title="bbox 2585 1321 4224 1400; baseline 0.002 -20"><span class='ocrx_word' id='word_1_218' title='bbox 2585 1334 2675 1380; x_wconf 86' lang='lat' dir='ltr'><strong>tur</strong></span> <span class='ocrx_word' id='word_1_219' title='bbox 2694 1326 2787 1390; x_wconf 80' lang='lat'><strong>⁸⁴)</strong></span> <span class='ocrx_word' id='word_1_220' title='bbox 2831 1321 3107 1397; x_wconf 84' lang='lat' dir='ltr'><strong>Ecclesijs</strong></span> <span class='ocrx_word' id='word_1_221' title='bbox 3155 1322 3454 1395; x_wconf 86' lang='lat' dir='ltr'><strong>aliquando</strong></span> <span class='ocrx_word' id='word_1_222' title='bbox 3504 1323 3743 1380; x_wconf 87' lang='lat' dir='ltr'><strong>defuturi</strong></span> <span class='ocrx_word' id='word_1_223' title='bbox 3776 1329 3870 1394; x_wconf 71' lang='grc'><strong>33)</strong></span> <span class='ocrx_word' id='word_1_224' title='bbox 3940 1337 4224 1400; x_wconf 80' lang='lat' dir='ltr'><strong>pastores,</strong></span> 
     </span>
     <span class='ocr_line' id='line_1_33' title="bbox 2584 1394 3633 1468; baseline -0.001 -17"><span class='ocrx_word' id='word_1_225' title='bbox 2584 1399 2634 1451; x_wconf 84' lang='lat' dir='ltr'><strong>si</strong></span> <span class='ocrx_word' id='word_1_226' title='bbox 2664 1397 2870 1450; x_wconf 88' lang='lat' dir='ltr'><strong>diutius</strong></span> <span class='ocrx_word' id='word_1_227' title='bbox 2908 1394 3269 1466; x_wconf 81' lang='lat' dir='ltr'><strong>prohibeatur</strong></span> <span class='ocrx_word' id='word_1_228' title='bbox 3300 1397 3633 1468; x_wconf 79' lang='lat' dir='ltr'><strong>coniugium.</strong></span> 
     </span>
    </p>

    <p class='ocr_par' dir='ltr' id='par_1_7' title="bbox 2583 1466 4226 1900">
     <span class='ocr_line' id='line_1_34' title="bbox 2728 1466 4226 1537; baseline 0.002 -14"><span class='ocrx_word' id='word_1_229' title='bbox 2728 1466 2869 1523; x_wconf 85' lang='lat' dir='ltr'><strong>Cum</strong></span> <span class='ocrx_word' id='word_1_230' title='bbox 2905 1477 3087 1523; x_wconf 88' lang='lat' dir='ltr'><strong>autem</strong></span> <span class='ocrx_word' id='word_1_231' title='bbox 3116 1476 3266 1521; x_wconf 84' lang='lat' dir='ltr'><strong>extet</strong></span> <span class='ocrx_word' id='word_1_232' title='bbox 3302 1469 3618 1523; x_wconf 84' lang='lat' dir='ltr'><strong>mandatum</strong></span> <span class='ocrx_word' id='word_1_233' title='bbox 3648 1468 3775 1537; x_wconf 87' lang='lat' dir='ltr'><strong>Dei,</strong></span> <span class='ocrx_word' id='word_1_234' title='bbox 3810 1486 3937 1525; x_wconf 88' lang='lat' dir='ltr'><strong>cum</strong></span> <span class='ocrx_word' id='word_1_235' title='bbox 3973 1469 4226 1526; x_wconf 82' lang='lat' dir='ltr'><strong>mosEc-</strong></span> 
     </span>
     <span class='ocr_line' id='line_1_35' title="bbox 2587 1537 4224 1605; baseline 0.001 -9"><span class='ocrx_word' id='word_1_236' title='bbox 2587 1537 2795 1595; x_wconf 74' lang='lat' dir='ltr'><strong>clesia&#39;e</strong></span> <span class='ocrx_word' id='word_1_237' title='bbox 2828 1549 2997 1594; x_wconf 87' lang='lat' dir='ltr'><strong>notus</strong></span> <span class='ocrx_word' id='word_1_238' title='bbox 3034 1539 3125 1605; x_wconf 84' lang='lat' dir='ltr'><strong>sit,</strong></span> <span class='ocrx_word' id='word_1_239' title='bbox 3145 1541 3240 1604; x_wconf 75' lang='grc'><strong>33)</strong></span> <span class='ocrx_word' id='word_1_240' title='bbox 3281 1558 3406 1594; x_wconf 85' lang='lat' dir='ltr'><strong>cnm</strong></span> <span class='ocrx_word' id='word_1_241' title='bbox 3456 1541 3525 1594; x_wconf 90' lang='lat' dir='ltr'><strong>im</strong></span> <span class='ocrx_word' id='word_1_242' title='bbox 3567 1557 3703 1595; x_wconf 89' lang='lat' dir='ltr'><strong>urus</strong></span> <span class='ocrx_word' id='word_1_243' title='bbox 3759 1539 4068 1596; x_wconf 87' lang='lat' dir='ltr'><strong>coelibatus</strong></span> <span class='ocrx_word' id='word_1_244' title='bbox 4138 1539 4224 1597; x_wconf 85' lang='lat' dir='ltr'><strong>lu-</strong></span> 
     </span>
     <span class='ocr_line' id='line_1_36' title="bbox 2585 1609 4226 1681; baseline 0.002 -15"><span class='ocrx_word' id='word_1_245' title='bbox 2585 1613 2725 1666; x_wconf 90' lang='lat' dir='ltr'><strong>rima</strong></span> <span class='ocrx_word' id='word_1_246' title='bbox 2760 1613 2942 1681; x_wconf 86' lang='lat' dir='ltr'><strong>pariat</strong></span> <span class='ocrx_word' id='word_1_247' title='bbox 2962 1614 3055 1676; x_wconf 84' lang='grc'><strong>37)</strong></span> <span class='ocrx_word' id='word_1_248' title='bbox 3093 1609 3383 1675; x_wconf 83' lang='lat' dir='ltr'><strong>scandala,</strong></span> <span class='ocrx_word' id='word_1_249' title='bbox 3422 1613 3528 1664; x_wconf 85' lang='lat' dir='ltr'><strong>adu</strong></span> <span class='ocrx_word' id='word_1_250' title='bbox 3556 1613 3724 1678; x_wconf 90' lang='lat' dir='ltr'><strong>teria,</strong></span> <span class='ocrx_word' id='word_1_251' title='bbox 3761 1624 3816 1667; x_wconf 91' lang='lat' dir='ltr'><strong>et</strong></span> <span class='ocrx_word' id='word_1_252' title='bbox 3853 1611 3965 1667; x_wconf 88' lang='lat' dir='ltr'><strong>alia</strong></span> <span class='ocrx_word' id='word_1_253' title='bbox 4000 1629 4031 1667; x_wconf 87' lang='lat' dir='ltr'><strong>s</strong></span> <span class='ocrx_word' id='word_1_254' title='bbox 4125 1630 4226 1669; x_wconf 81' lang='lat' dir='ltr'><strong>era</strong></span> 
     </span>
     <span class='ocr_line' id='line_1_37' title="bbox 2587 1683 4224 1756; baseline 0.002 -18"><span class='ocrx_word' id='word_1_255' title='bbox 2587 1684 2754 1755; x_wconf 86' lang='lat' dir='ltr'><strong>digna</strong></span> <span class='ocrx_word' id='word_1_256' title='bbox 2790 1683 3273 1737; x_wconf 85' lang='lat' dir='ltr'><strong>animaduersione</strong></span> <span class='ocrx_word' id='word_1_257' title='bbox 3294 1683 3424 1736; x_wconf 92' lang='lat' dir='ltr'><strong>boni</strong></span> <span class='ocrx_word' id='word_1_258' title='bbox 3446 1684 3820 1756; x_wconf 75' lang='lat' dir='ltr'><strong>magistratus.</strong></span> <span class='ocrx_word' id='word_1_259' title='bbox 3895 1684 4105 1741; x_wconf 82' lang='lat' dir='ltr'><strong>Tamen</strong></span> <span class='ocrx_word' id='word_1_260' title='bbox 4123 1687 4224 1740; x_wconf 85' lang='lat' dir='ltr'><strong>mi-</strong></span> 
     </span>
     <span class='ocr_line' id='line_1_38' title="bbox 2583 1751 4225 1822; baseline 0 -11"><span class='ocrx_word' id='word_1_261' title='bbox 2583 1774 2706 1811; x_wconf 85' lang='lat' dir='ltr'><strong>rum</strong></span> <span class='ocrx_word' id='word_1_262' title='bbox 2744 1764 2852 1820; x_wconf 90' lang='lat' dir='ltr'><strong>est,</strong></span> <span class='ocrx_word' id='word_1_263' title='bbox 2891 1751 3044 1808; x_wconf 90' lang='lat' dir='ltr'><strong>nulla</strong></span> <span class='ocrx_word' id='word_1_264' title='bbox 3079 1754 3135 1808; x_wconf 91' lang='lat' dir='ltr'><strong>in</strong></span> <span class='ocrx_word' id='word_1_265' title='bbox 3171 1769 3235 1807; x_wconf 90' lang='lat' dir='ltr'><strong>re</strong></span> <span class='ocrx_word' id='word_1_266' title='bbox 3273 1754 3535 1810; x_wconf 81' lang='lat' dir='ltr'><strong>maiorem</strong></span> <span class='ocrx_word' id='word_1_267' title='bbox 3565 1757 3813 1810; x_wconf 81' lang='lat' dir='ltr'><strong>exerceri</strong></span> <span class='ocrx_word' id='word_1_268' title='bbox 3840 1755 4106 1812; x_wconf 82' lang='lat' dir='ltr'><strong>seniciam</strong></span> <span class='ocrx_word' id='word_1_269' title='bbox 4129 1759 4225 1822; x_wconf 85' lang='grc'><strong>33)</strong></span> 
     </span>
     <span class='ocr_line' id='line_1_39' title="bbox 2626 1825 4226 1900; baseline 0.003 -19"><span class='ocrx_word' id='word_1_270' title='bbox 2626 1844 2754 1882; x_wconf 82' lang='lat' dir='ltr'><strong>uam</strong></span> <span class='ocrx_word' id='word_1_271' title='bbox 2789 1828 3064 1881; x_wconf 84' lang='lat' dir='ltr'><strong>aduersus</strong></span> <span class='ocrx_word' id='word_1_272' title='bbox 3078 1826 3400 1896; x_wconf 80' lang='lat' dir='ltr'><strong>coniugium</strong></span> <span class='ocrx_word' id='word_1_273' title='bbox 3419 1825 3806 1882; x_wconf 73' lang='lat' dir='ltr'><strong>sacerdotum.</strong></span> <span class='ocrx_word' id='word_1_274' title='bbox 3881 1827 4041 1884; x_wconf 81' lang='lat' dir='ltr'><strong>Deus</strong></span> <span class='ocrx_word' id='word_1_275' title='bbox 4060 1845 4226 1900; x_wconf 78' lang='lat' dir='ltr'><strong>prae·</strong></span> 
     </span>
    </p>
   </div>
   <div class='ocr_carea' id='block_1_7' title="bbox 2588 1894 4226 1971">
    <p class='ocr_par' dir='ltr' id='par_1_8' title="bbox 2588 1894 4226 1971">
     <span class='ocr_line' id='line_1_40' title="bbox 2588 1894 4226 1971; baseline -0.001 -19"><span class='ocrx_word' id='word_1_276' title='bbox 2588 1899 2732 1970; x_wconf 87' lang='lat' dir='ltr'><strong>cepit</strong></span> <span class='ocrx_word' id='word_1_277' title='bbox 2757 1901 2845 1965; x_wconf 75' lang='lat'><strong>3⁹)</strong></span> <span class='ocrx_word' id='word_1_278' title='bbox 2883 1898 3098 1951; x_wconf 88' lang='lat' dir='ltr'><strong>honore</strong></span> <span class='ocrx_word' id='word_1_279' title='bbox 3133 1894 3360 1950; x_wconf 88' lang='lat' dir='ltr'><strong>afficere</strong></span> <span class='ocrx_word' id='word_1_280' title='bbox 3394 1898 3731 1970; x_wconf 82' lang='lat' dir='ltr'><strong>coniugium.</strong></span> <span class='ocrx_word' id='word_1_281' title='bbox 3814 1897 4004 1971; x_wconf 83' lang='lat' dir='ltr'><strong>Leges</strong></span> <span class='ocrx_word' id='word_1_282' title='bbox 4027 1903 4121 1967; x_wconf 60' lang='grc' dir='ltr'><strong>ο4))</strong></span> <span class='ocrx_word' id='word_1_283' title='bbox 4166 1903 4226 1956; x_wconf 71' lang='lat' dir='ltr'><strong>in</strong></span> 
     </span>
    </p>
   </div>
   <div class='ocr_carea' id='block_1_8' title="bbox 2586 2039 4224 2111">
    <p class='ocr_par' dir='ltr' id='par_1_9' title="bbox 2586 2039 4224 2111">
     <span class='ocr_line' id='line_1_41' title="bbox 2586 2039 4224 2111; baseline 0.001 -15"><span class='ocrx_word' id='word_1_284' title='bbox 2586 2042 2735 2111; x_wconf 87' lang='lat' dir='ltr'><strong>apud</strong></span> <span class='ocrx_word' id='word_1_285' title='bbox 2780 2040 3050 2095; x_wconf 85' lang='lat' dir='ltr'><strong>Ethnicos</strong></span> <span class='ocrx_word' id='word_1_286' title='bbox 3096 2040 3347 2094; x_wconf 84' lang='lat' dir='ltr'><strong>maximis</strong></span> <span class='ocrx_word' id='word_1_287' title='bbox 3403 2039 3710 2096; x_wconf 86' lang='lat' dir='ltr'><strong>honoribus</strong></span> <span class='ocrx_word' id='word_1_288' title='bbox 3750 2053 4106 2100; x_wconf 84' lang='lat' dir='ltr'><strong>ornauerunt.</strong></span> <span class='ocrx_word' id='word_1_289' title='bbox 4143 2046 4224 2111; x_wconf 79' lang='lat'><strong>⁰²)</strong></span> 
     </span>
    </p>
   </div>
   <div class='ocr_carea' id='block_1_9' title="bbox 877 2110 4226 2190">
    <p class='ocr_par' dir='ltr' id='par_1_10' title="bbox 877 2110 4226 2190">
     <span class='ocr_line' id='line_1_42' title="bbox 877 2110 4226 2190; baseline 0.002 -25"><span class='ocrx_word' id='word_1_290' title='bbox 877 2110 1163 2166; x_wconf 82' lang='lat' dir='ltr'><strong>Pontificis</strong></span> <span class='ocrx_word' id='word_1_291' title='bbox 1189 2116 1278 2179; x_wconf 81' lang='lat'><strong>⁷³)</strong></span> <span class='ocrx_word' id='word_1_292' title='bbox 1316 2115 1383 2168; x_wconf 86' lang='lat' dir='ltr'><strong>de</strong></span> <span class='ocrx_word' id='word_1_293' title='bbox 1414 2131 1482 2170; x_wconf 85' lang='lat' dir='ltr'><strong>ea</strong></span> <span class='ocrx_word' id='word_1_294' title='bbox 1511 2133 1592 2182; x_wconf 85' lang='lat' dir='ltr'><strong>re,</strong></span> <span class='ocrx_word' id='word_1_295' title='bbox 1623 2119 1708 2183; x_wconf 87' lang='lat'><strong>⁷⁴)</strong></span> <span class='ocrx_word' id='word_1_296' title='bbox 1745 2135 1888 2190; x_wconf 89' lang='lat' dir='ltr'><strong>pene</strong></span> <span class='ocrx_word' id='word_1_297' title='bbox 1925 2122 1999 2173; x_wconf 86' lang='lat' dir='ltr'><strong>ab</strong></span> <span class='ocrx_word' id='word_1_298' title='bbox 2037 2120 2193 2175; x_wconf 90' lang='lat' dir='ltr'><strong>iratis</strong></span> <span class='ocrx_word' id='word_1_299' title='bbox 2229 2119 2509 2176; x_wconf 88' lang='lat' dir='ltr'><strong>Sacerdo-</strong></span> <span class='ocrx_word' id='word_1_300' title='bbox 2584 2113 2664 2168; x_wconf 87' lang='lat' dir='ltr'><strong>At</strong></span> <span class='ocrx_word' id='word_1_301' title='bbox 2698 2130 2845 2166; x_wconf 87' lang='lat' dir='ltr'><strong>nunc</strong></span> <span class='ocrx_word' id='word_1_302' title='bbox 2881 2110 3209 2183; x_wconf 84' lang='lat' dir='ltr'><strong>capitalibus</strong></span> <span class='ocrx_word' id='word_1_303' title='bbox 3243 2113 3440 2182; x_wconf 86' lang='lat' dir='ltr'><strong>poenis</strong></span> <span class='ocrx_word' id='word_1_304' title='bbox 3463 2116 3540 2171; x_wconf 84' lang='lat'><strong>⁹⁸)</strong></span> <span class='ocrx_word' id='word_1_305' title='bbox 3577 2115 3983 2181; x_wconf 83' lang='lat' dir='ltr'><strong>excruciantur,</strong></span> <span class='ocrx_word' id='word_1_306' title='bbox 4019 2127 4074 2171; x_wconf 93' lang='lat' dir='ltr'><strong>et</strong></span> <span class='ocrx_word' id='word_1_307' title='bbox 4105 2116 4226 2188; x_wconf 83' lang='lat' dir='ltr'><strong>qui-</strong></span> 
     </span>
    </p>
   </div>
   <div class='ocr_carea' id='block_1_10' title="bbox 874 2185 2510 2548">
    <p class='ocr_par' dir='ltr' id='par_1_11' title="bbox 874 2185 2510 2548">
     <span class='ocr_line' id='line_1_43' title="bbox 875 2185 2510 2263; baseline 0.004 -26"><span class='ocrx_word' id='word_1_308' title='bbox 875 2185 1025 2239; x_wconf 84' lang='lat' dir='ltr'><strong>tibus</strong></span> <span class='ocrx_word' id='word_1_309' title='bbox 1056 2200 1156 2254; x_wconf 85' lang='lat' dir='ltr'><strong>per</strong></span> <span class='ocrx_word' id='word_1_310' title='bbox 1192 2185 1482 2241; x_wconf 86' lang='lat' dir='ltr'><strong>tumultum</strong></span> <span class='ocrx_word' id='word_1_311' title='bbox 1519 2204 1830 2258; x_wconf 81' lang='lat' dir='ltr'><strong>oppressus</strong></span> <span class='ocrx_word' id='word_1_312' title='bbox 1867 2191 1957 2246; x_wconf 82' lang='lat' dir='ltr'><strong>sit.</strong></span> <span class='ocrx_word' id='word_1_313' title='bbox 1983 2194 2074 2261; x_wconf 80' lang='lat'><strong>⁷⁵)</strong></span> <span class='ocrx_word' id='word_1_314' title='bbox 2138 2189 2213 2246; x_wconf 81' lang='lat' dir='ltr'><strong>Et</strong></span> <span class='ocrx_word' id='word_1_315' title='bbox 2230 2208 2326 2246; x_wconf 88' lang='lat' dir='ltr'><strong>res</strong></span> <span class='ocrx_word' id='word_1_316' title='bbox 2345 2199 2510 2263; x_wconf 81' lang='lat' dir='ltr'><strong>gesta</strong></span> 
     </span>
     <span class='ocr_line' id='line_1_44' title="bbox 875 2254 2509 2334; baseline 0.004 -26"><span class='ocrx_word' id='word_1_317' title='bbox 875 2265 963 2309; x_wconf 88' lang='lat' dir='ltr'><strong>est</strong></span> <span class='ocrx_word' id='word_1_318' title='bbox 998 2265 1109 2309; x_wconf 85' lang='lat' dir='ltr'><strong>tam</strong></span> <span class='ocrx_word' id='word_1_319' title='bbox 1145 2254 1469 2324; x_wconf 85' lang='lat' dir='ltr'><strong>inciuiliter,</strong></span> <span class='ocrx_word' id='word_1_320' title='bbox 1508 2269 1568 2315; x_wconf 81' lang='lat' dir='ltr'><strong>vt</strong></span> <span class='ocrx_word' id='word_1_321' title='bbox 1603 2278 1716 2315; x_wconf 91' lang='lat' dir='ltr'><strong>non</strong></span> <span class='ocrx_word' id='word_1_322' title='bbox 1751 2260 1933 2316; x_wconf 84' lang='lat' dir='ltr'><strong>solum</strong></span> <span class='ocrx_word' id='word_1_323' title='bbox 1963 2264 2017 2317; x_wconf 90' lang='lat' dir='ltr'><strong>in</strong></span> <span class='ocrx_word' id='word_1_324' title='bbox 2055 2272 2340 2334; x_wconf 88' lang='lat' dir='ltr'><strong>posterum</strong></span> <span class='ocrx_word' id='word_1_325' title='bbox 2377 2277 2509 2317; x_wconf 87' lang='lat' dir='ltr'><strong>con-</strong></span> 
     </span>
     <span class='ocr_line' id='line_1_45' title="bbox 874 2327 2508 2406; baseline 0.005 -26"><span class='ocrx_word' id='word_1_326' title='bbox 874 2327 1023 2398; x_wconf 83' lang='lat' dir='ltr'><strong>iugia</strong></span> <span class='ocrx_word' id='word_1_327' title='bbox 1069 2327 1527 2398; x_wconf 88' lang='lat' dir='ltr'><strong>prohiberentur,</strong></span> <span class='ocrx_word' id='word_1_328' title='bbox 1573 2334 1661 2399; x_wconf 77' lang='grc'><strong>73)</strong></span> <span class='ocrx_word' id='word_1_329' title='bbox 1707 2335 1808 2387; x_wconf 87' lang='lat' dir='ltr'><strong>sed</strong></span> <span class='ocrx_word' id='word_1_330' title='bbox 1839 2335 1999 2401; x_wconf 80' lang='lat' dir='ltr'><strong>etiam</strong></span> <span class='ocrx_word' id='word_1_331' title='bbox 2038 2336 2355 2406; x_wconf 86' lang='lat' dir='ltr'><strong>praesentia</strong></span> <span class='ocrx_word' id='word_1_332' title='bbox 2381 2350 2508 2388; x_wconf 90' lang='lat' dir='ltr'><strong>con-</strong></span> 
     </span>
     <span class='ocr_line' id='line_1_46' title="bbox 874 2401 2508 2478; baseline 0.006 -27"><span class='ocrx_word' id='word_1_333' title='bbox 874 2407 962 2451; x_wconf 87' lang='lat' dir='ltr'><strong>tra</strong></span> <span class='ocrx_word' id='word_1_334' title='bbox 1008 2401 1192 2454; x_wconf 90' lang='lat' dir='ltr'><strong>omnia</strong></span> <span class='ocrx_word' id='word_1_335' title='bbox 1246 2403 1394 2454; x_wconf 84' lang='lat' dir='ltr'><strong>iura.</strong></span> <span class='ocrx_word' id='word_1_336' title='bbox 1423 2402 1608 2458; x_wconf 86' lang='lat' dir='ltr'><strong>diuina</strong></span> <span class='ocrx_word' id='word_1_337' title='bbox 1663 2414 1719 2459; x_wconf 86' lang='lat' dir='ltr'><strong>et</strong></span> <span class='ocrx_word' id='word_1_338' title='bbox 1774 2406 2045 2474; x_wconf 89' lang='lat' dir='ltr'><strong>humana,</strong></span> <span class='ocrx_word' id='word_1_339' title='bbox 2108 2418 2305 2463; x_wconf 80' lang='lat' dir='ltr'><strong>contra</strong></span> <span class='ocrx_word' id='word_1_340' title='bbox 2351 2407 2508 2478; x_wconf 82' lang='lat' dir='ltr'><strong>ipsos</strong></span> 
     </span>
     <span class='ocr_line' id='line_1_47' title="bbox 874 2470 2508 2548; baseline 0.006 -26"><span class='ocrx_word' id='word_1_341' title='bbox 874 2470 1038 2524; x_wconf 84' lang='lat' dir='ltr'><strong>etiam</strong></span> <span class='ocrx_word' id='word_1_342' title='bbox 1065 2472 1152 2536; x_wconf 82' lang='grc'><strong>77)</strong></span> <span class='ocrx_word' id='word_1_343' title='bbox 1191 2470 1453 2528; x_wconf 73' lang='lat' dir='ltr'><strong>canones</strong></span> <span class='ocrx_word' id='word_1_344' title='bbox 1482 2472 1688 2542; x_wconf 79' lang='lat' dir='ltr'><strong>factos,</strong></span> <span class='ocrx_word' id='word_1_345' title='bbox 1723 2495 1836 2531; x_wconf 88' lang='lat' dir='ltr'><strong>non</strong></span> <span class='ocrx_word' id='word_1_346' title='bbox 1863 2476 2044 2533; x_wconf 86' lang='lat' dir='ltr'><strong>solum</strong></span> <span class='ocrx_word' id='word_1_347' title='bbox 2072 2499 2106 2533; x_wconf 82' lang='lat' dir='ltr'><strong>a</strong></span> <span class='ocrx_word' id='word_1_348' title='bbox 2123 2477 2508 2548; x_wconf 85' lang='lat' dir='ltr'><strong>Pontificibus,</strong></span> 
     </span>
    </p>
   </div>
   <div class='ocr_carea' id='block_1_11' title="bbox 2544 2218 2557 2435">
    <p class='ocr_par' dir='ltr' id='par_1_12' title="bbox 2544 2218 2557 2435">
     <span class='ocr_line' id='line_1_48' title="bbox 2544 2218 2557 2435; baseline 0 0"><span class='ocrx_word' id='word_1_349' title='bbox 2544 2218 2557 2435; x_wconf 95' lang='lat' dir='ltr'><strong> </strong></span> 
     </span>
    </p>
   </div>
   <div class='ocr_carea' id='block_1_12' title="bbox 2584 2184 4226 2547">
    <p class='ocr_par' dir='ltr' id='par_1_13' title="bbox 2585 2184 4226 2471">
     <span class='ocr_line' id='line_1_49' title="bbox 2585 2184 4224 2255; baseline 0.004 -18"><span class='ocrx_word' id='word_1_350' title='bbox 2585 2186 2711 2239; x_wconf 89' lang='lat' dir='ltr'><strong>dem</strong></span> <span class='ocrx_word' id='word_1_351' title='bbox 2756 2185 3098 2240; x_wconf 85' lang='lat' dir='ltr'><strong>Sacerdotes</strong></span> <span class='ocrx_word' id='word_1_352' title='bbox 3139 2186 3214 2250; x_wconf 78' lang='lat'><strong>⁹⁴)</strong></span> <span class='ocrx_word' id='word_1_353' title='bbox 3269 2194 3465 2238; x_wconf 87' lang='lat' dir='ltr'><strong>contra</strong></span> <span class='ocrx_word' id='word_1_354' title='bbox 3513 2184 3801 2241; x_wconf 87' lang='lat' dir='ltr'><strong>Canonum</strong></span> <span class='ocrx_word' id='word_1_355' title='bbox 3855 2184 4224 2255; x_wconf 81' lang='lat' dir='ltr'><strong>voluntatem,</strong></span> 
     </span>
     <span class='ocr_line' id='line_1_50' title="bbox 2585 2255 4224 2330; baseline 0.002 -19"><span class='ocrx_word' id='word_1_356' title='bbox 2585 2255 2793 2312; x_wconf 85' lang='lat' dir='ltr'><strong>nullam</strong></span> <span class='ocrx_word' id='word_1_357' title='bbox 2841 2255 3009 2311; x_wconf 87' lang='lat' dir='ltr'><strong>aliam</strong></span> <span class='ocrx_word' id='word_1_358' title='bbox 3057 2257 3129 2310; x_wconf 91' lang='lat' dir='ltr'><strong>ob</strong></span> <span class='ocrx_word' id='word_1_359' title='bbox 3177 2271 3437 2322; x_wconf 83' lang='lat' dir='ltr'><strong>causam,</strong></span> <span class='ocrx_word' id='word_1_360' title='bbox 3476 2257 3580 2311; x_wconf 87' lang='lat' dir='ltr'><strong>nisi</strong></span> <span class='ocrx_word' id='word_1_361' title='bbox 3616 2268 3848 2330; x_wconf 89' lang='lat' dir='ltr'><strong>propter</strong></span> <span class='ocrx_word' id='word_1_362' title='bbox 3885 2259 4046 2313; x_wconf 85' lang='lat' dir='ltr'><strong>coniu</strong></span> <span class='ocrx_word' id='word_1_363' title='bbox 4092 2260 4224 2315; x_wconf 54' lang='lat' dir='ltr'><strong>’unu</strong></span> 
     </span>
     <span class='ocr_line' id='line_1_51' title="bbox 2589 2326 4226 2401; baseline 0.002 -19"><span class='ocrx_word' id='word_1_364' title='bbox 2589 2326 2795 2383; x_wconf 87' lang='lat' dir='ltr'><strong>Paulus</strong></span> <span class='ocrx_word' id='word_1_365' title='bbox 2827 2336 2990 2381; x_wconf 87' lang='lat' dir='ltr'><strong>vocat</strong></span> <span class='ocrx_word' id='word_1_366' title='bbox 3026 2328 3331 2381; x_wconf 89' lang='lat' dir='ltr'><strong>doctrinam</strong></span> <span class='ocrx_word' id='word_1_367' title='bbox 3355 2328 3769 2383; x_wconf 89' lang='lat' dir='ltr'><strong>daemoniorum</strong></span> <span class='ocrx_word' id='word_1_368' title='bbox 3789 2346 3932 2401; x_wconf 81' lang='lat' dir='ltr'><strong>quae</strong></span> <span class='ocrx_word' id='word_1_369' title='bbox 3963 2347 4067 2400; x_wconf 84' lang='lat' dir='ltr'><strong>pro</strong></span> <span class='ocrx_word' id='word_1_370' title='bbox 4109 2330 4226 2386; x_wconf 82' lang='lat' dir='ltr'><strong>ibet</strong></span> 
     </span>
     <span class='ocr_line' id='line_1_52' title="bbox 2587 2398 4065 2471; baseline 0.001 -17"><span class='ocrx_word' id='word_1_371' title='bbox 2587 2400 2921 2471; x_wconf 81' lang='lat' dir='ltr'><strong>coniugium.</strong></span> <span class='ocrx_word' id='word_1_372' title='bbox 2992 2398 3042 2451; x_wconf 93' lang='lat' dir='ltr'><strong>l.</strong></span> <span class='ocrx_word' id='word_1_373' title='bbox 3078 2398 3313 2452; x_wconf 88' lang='lat' dir='ltr'><strong>Timoth.</strong></span> <span class='ocrx_word' id='word_1_374' title='bbox 3355 2400 3445 2471; x_wconf 90' lang='lat' dir='ltr'><strong>iiij.</strong></span> <span class='ocrx_word' id='word_1_375' title='bbox 3521 2399 3579 2454; x_wconf 90' lang='lat' dir='ltr'><strong>ld</strong></span> <span class='ocrx_word' id='word_1_376' title='bbox 3611 2398 3777 2455; x_wconf 82' lang='lat' dir='ltr'><strong>facile</strong></span> <span class='ocrx_word' id='word_1_377' title='bbox 3806 2418 3955 2456; x_wconf 89' lang='lat' dir='ltr'><strong>nunc</strong></span> <span class='ocrx_word' id='word_1_378' title='bbox 3986 2404 4065 2456; x_wconf 87' lang='lat' dir='ltr'><strong>int</strong></span> 
     </span>
    </p>

    <p class='ocr_par' dir='ltr' id='par_1_14' title="bbox 2584 2468 4220 2547">
     <span class='ocr_line' id='line_1_53' title="bbox 2584 2468 4220 2547; baseline 0.002 -22"><span class='ocrx_word' id='word_1_379' title='bbox 2584 2481 2773 2542; x_wconf 88' lang='lat' dir='ltr'><strong>potest</strong></span> <span class='ocrx_word' id='word_1_380' title='bbox 2809 2488 2933 2525; x_wconf 91' lang='lat' dir='ltr'><strong>cum</strong></span> <span class='ocrx_word' id='word_1_381' title='bbox 2969 2468 3174 2524; x_wconf 86' lang='lat' dir='ltr'><strong>talibus</strong></span> <span class='ocrx_word' id='word_1_382' title='bbox 3214 2468 3503 2542; x_wconf 88' lang='lat' dir='ltr'><strong>supplicijs</strong></span> <span class='ocrx_word' id='word_1_383' title='bbox 3542 2471 3838 2543; x_wconf 84' lang='lat' dir='ltr'><strong>prohibitio</strong></span> <span class='ocrx_word' id='word_1_384' title='bbox 3861 2476 3937 2538; x_wconf 74' lang='lat'><strong>⁹⁶)</strong></span> <span class='ocrx_word' id='word_1_385' title='bbox 3975 2473 4220 2547; x_wconf 72' lang='lat' dir='ltr'><strong>coniugij</strong></span> 
     </span>
    </p>
   </div>
   <div class='ocr_carea' id='block_1_13' title="bbox 874 2540 2915 2621">
    <p class='ocr_par' dir='ltr' id='par_1_15' title="bbox 874 2540 2915 2621">
     <span class='ocr_line' id='line_1_54' title="bbox 874 2540 2915 2621; baseline 0.005 -26"><span class='ocrx_word' id='word_1_386' title='bbox 874 2540 977 2595; x_wconf 85' lang='lat' dir='ltr'><strong>sed</strong></span> <span class='ocrx_word' id='word_1_387' title='bbox 1003 2544 1091 2607; x_wconf 92' lang='grc'><strong>73)</strong></span> <span class='ocrx_word' id='word_1_388' title='bbox 1126 2560 1162 2597; x_wconf 90' lang='lat' dir='ltr'><strong>a</strong></span> <span class='ocrx_word' id='word_1_389' title='bbox 1187 2546 1273 2611; x_wconf 83' lang='lat'><strong>⁷⁹)</strong></span> <span class='ocrx_word' id='word_1_390' title='bbox 1310 2542 1703 2603; x_wconf 85' lang='lat' dir='ltr'><strong>laudatissimis</strong></span> <span class='ocrx_word' id='word_1_391' title='bbox 1738 2548 2015 2621; x_wconf 82' lang='lat' dir='ltr'><strong>Synodis,</strong></span> <span class='ocrx_word' id='word_1_392' title='bbox 2052 2549 2506 2606; x_wconf 78' lang='lat' dir='ltr'><strong>distraherentur.</strong></span> <span class='ocrx_word' id='word_1_393' title='bbox 2586 2541 2915 2597; x_wconf 70' lang='lat' dir='ltr'><strong>delendltur·</strong></span> 
     </span>
    </p>
   </div>
   <div class='ocr_carea' id='block_1_14' title="bbox 879 2684 1216 2697">
    <p class='ocr_par' dir='ltr' id='par_1_16' title="bbox 879 2684 1216 2697">
     <span class='ocr_line' id='line_1_55' title="bbox 879 2684 1216 2697; baseline 0 2880"><span class='ocrx_word' id='word_1_394' title='bbox 879 2684 1216 2697; x_wconf 95' lang='lat' dir='ltr'><strong> </strong></span> 
     </span>
    </p>
   </div>
   <div class='ocr_carea' id='block_1_15' title="bbox 857 2770 2501 4246">
    <p class='ocr_par' dir='ltr' id='par_1_17' title="bbox 870 2770 1476 2830">
     <span class='ocr_line' id='line_1_56' title="bbox 870 2770 1476 2830; baseline 0.008 -18"><span class='ocrx_word' id='word_1_395' title='bbox 870 2770 952 2825; x_wconf 83' lang='grc'><strong>55)</strong></span> <span class='ocrx_word' id='word_1_396' title='bbox 994 2772 1118 2830; x_wconf 79' lang='lat' dir='ltr'><strong>dicit}</strong></span> <span class='ocrx_word' id='word_1_397' title='bbox 1148 2772 1331 2816; x_wconf 77' lang='lat' dir='ltr'><strong>wire.=</strong></span> <span class='ocrx_word' id='word_1_398' title='bbox 1363 2775 1476 2817; x_wconf 77' lang='lat' dir='ltr'><strong>dixit</strong></span> 
     </span>
    </p>

    <p class='ocr_par' dir='ltr' id='par_1_18' title="bbox 871 2841 1879 2905">
     <span class='ocr_line' id='line_1_57' title="bbox 871 2841 1879 2905; baseline 0.009 -21"><span class='ocrx_word' id='word_1_399' title='bbox 871 2841 951 2898; x_wconf 87' lang='grc'><strong>56)</strong></span> <span class='ocrx_word' id='word_1_400' title='bbox 988 2844 1311 2901; x_wconf 79' lang='lat' dir='ltr'><strong>Vnusquisque]</strong></span> <span class='ocrx_word' id='word_1_401' title='bbox 1342 2846 1489 2890; x_wconf 55' lang='lat' dir='ltr'><strong>Ram:</strong></span> <span class='ocrx_word' id='word_1_402' title='bbox 1517 2861 1626 2890; x_wconf 80' lang='lat' dir='ltr'><strong>vnus</strong></span> <span class='ocrx_word' id='word_1_403' title='bbox 1654 2851 1879 2905; x_wconf 76' lang='lat' dir='ltr'><strong>quisquan</strong></span> 
     </span>
    </p>

    <p class='ocr_par' dir='ltr' id='par_1_19' title="bbox 870 2913 2222 2980">
     <span class='ocr_line' id='line_1_58' title="bbox 870 2913 2222 2980; baseline 0.01 -25"><span class='ocrx_word' id='word_1_404' title='bbox 870 2913 950 2967; x_wconf 79' lang='grc'><strong>57)</strong></span> <span class='ocrx_word' id='word_1_405' title='bbox 989 2914 1296 2971; x_wconf 80' lang='lat' dir='ltr'><strong>Vnusqnisque</strong></span> <span class='ocrx_word' id='word_1_406' title='bbox 1324 2917 1500 2976; x_wconf 80' lang='lat' dir='ltr'><strong>habeat]</strong></span> <span class='ocrx_word' id='word_1_407' title='bbox 1532 2919 1709 2964; x_wconf 58' lang='lat' dir='ltr'><strong>Faba:</strong></span> <span class='ocrx_word' id='word_1_408' title='bbox 1739 2921 1903 2964; x_wconf 77' lang='lat' dir='ltr'><strong>habeat</strong></span> <span class='ocrx_word' id='word_1_409' title='bbox 1929 2926 2222 2980; x_wconf 78' lang='lat' dir='ltr'><strong>vnusquisque</strong></span> 
     </span>
    </p>

    <p class='ocr_par' dir='ltr' id='par_1_20' title="bbox 867 2984 2068 3046">
     <span class='ocr_line' id='line_1_59' title="bbox 867 2984 2068 3046; baseline 0.01 -20"><span class='ocrx_word' id='word_1_410' title='bbox 867 2984 951 3039; x_wconf 91' lang='grc'><strong>58)</strong></span> <span class='ocrx_word' id='word_1_411' title='bbox 989 2985 1344 3046; x_wconf 75' lang='lat' dir='ltr'><strong>fornicationem]</strong></span> <span class='ocrx_word' id='word_1_412' title='bbox 1377 2988 1539 3034; x_wconf 75' lang='lat' dir='ltr'><strong>wire.</strong></span> <span class='ocrx_word' id='word_1_413' title='bbox 1568 2992 1694 3035; x_wconf 75' lang='lat' dir='ltr'><strong>nale:</strong></span> <span class='ocrx_word' id='word_1_414' title='bbox 1722 2993 2068 3039; x_wconf 79' lang='lat' dir='ltr'><strong>formicationem</strong></span> 
     </span>
    </p>

    <p class='ocr_par' dir='ltr' id='par_1_21' title="bbox 869 3055 1483 3112">
     <span class='ocr_line' id='line_1_60' title="bbox 869 3055 1483 3112; baseline 0.011 -15"><span class='ocrx_word' id='word_1_415' title='bbox 869 3055 950 3109; x_wconf 85' lang='grc'><strong>56)</strong></span> <span class='ocrx_word' id='word_1_416' title='bbox 987 3056 1071 3112; x_wconf 81' lang='lat' dir='ltr'><strong>est}</strong></span> <span class='ocrx_word' id='word_1_417' title='bbox 1103 3058 1148 3099; x_wconf 76' lang='lat' dir='ltr'><strong>in</strong></span> <span class='ocrx_word' id='word_1_418' title='bbox 1175 3057 1329 3103; x_wconf 90' lang='lat' dir='ltr'><strong>Dess.</strong></span> <span class='ocrx_word' id='word_1_419' title='bbox 1361 3061 1483 3104; x_wconf 60' lang='lat' dir='ltr'><strong>deei-</strong></span> 
     </span>
    </p>

    <p class='ocr_par' dir='ltr' id='par_1_22' title="bbox 868 3126 1845 3192">
     <span class='ocr_line' id='line_1_61' title="bbox 868 3126 1845 3192; baseline 0.012 -24"><span class='ocrx_word' id='word_1_420' title='bbox 868 3126 952 3183; x_wconf 85' lang='grc'><strong>60)</strong></span> <span class='ocrx_word' id='word_1_421' title='bbox 987 3128 1144 3187; x_wconf 79' lang='lat' dir='ltr'><strong>iuquit]</strong></span> <span class='ocrx_word' id='word_1_422' title='bbox 1173 3130 1290 3175; x_wconf 72' lang='lat' dir='ltr'><strong>Rat.</strong></span> <span class='ocrx_word' id='word_1_423' title='bbox 1319 3134 1474 3177; x_wconf 71' lang='lat' dir='ltr'><strong>calani</strong></span> <span class='ocrx_word' id='word_1_424' title='bbox 1500 3146 1664 3178; x_wconf 72' lang='lat' dir='ltr'><strong>more:</strong></span> <span class='ocrx_word' id='word_1_425' title='bbox 1693 3136 1845 3192; x_wconf 78' lang='lat' dir='ltr'><strong>inquid</strong></span> 
     </span>
    </p>

    <p class='ocr_par' dir='ltr' id='par_1_23' title="bbox 867 3197 1768 3258">
     <span class='ocr_line' id='line_1_62' title="bbox 867 3197 1768 3258; baseline 0.012 -18"><span class='ocrx_word' id='word_1_426' title='bbox 867 3197 949 3254; x_wconf 83' lang='grc'><strong>61)</strong></span> <span class='ocrx_word' id='word_1_427' title='bbox 986 3201 1091 3252; x_wconf 87' lang='lat' dir='ltr'><strong>hoc,</strong></span> <span class='ocrx_word' id='word_1_428' title='bbox 1122 3202 1213 3258; x_wconf 77' lang='lat' dir='ltr'><strong>vbi]</strong></span> <span class='ocrx_word' id='word_1_429' title='bbox 1245 3202 1338 3247; x_wconf 75' lang='lat' dir='ltr'><strong>Ed.</strong></span> <span class='ocrx_word' id='word_1_430' title='bbox 1368 3211 1495 3250; x_wconf 55' lang='lat' dir='ltr'><strong>anta</strong></span> <span class='ocrx_word' id='word_1_431' title='bbox 1525 3206 1623 3251; x_wconf 86' lang='lat' dir='ltr'><strong>hoc.</strong></span> <span class='ocrx_word' id='word_1_432' title='bbox 1684 3208 1768 3251; x_wconf 87' lang='lat' dir='ltr'><strong>Vbi</strong></span> 
     </span>
    </p>

    <p class='ocr_par' dir='ltr' id='par_1_24' title="bbox 867 3269 1894 3333">
     <span class='ocr_line' id='line_1_63' title="bbox 867 3269 1894 3333; baseline 0.011 -21"><span class='ocrx_word' id='word_1_433' title='bbox 867 3269 948 3325; x_wconf 76' lang='lat'><strong>62)</strong></span> <span class='ocrx_word' id='word_1_434' title='bbox 984 3272 1169 3317; x_wconf 84' lang='lat' dir='ltr'><strong>idoneos</strong></span> <span class='ocrx_word' id='word_1_435' title='bbox 1200 3275 1312 3333; x_wconf 85' lang='lat' dir='ltr'><strong>esse]</strong></span> <span class='ocrx_word' id='word_1_436' title='bbox 1344 3275 1555 3324; x_wconf 65' lang='lat' dir='ltr'><strong>onom:</strong></span> <span class='ocrx_word' id='word_1_437' title='bbox 1588 3291 1684 3322; x_wconf 81' lang='lat' dir='ltr'><strong>esse</strong></span> <span class='ocrx_word' id='word_1_438' title='bbox 1711 3280 1894 3323; x_wconf 83' lang='lat' dir='ltr'><strong>idoneos</strong></span> 
     </span>
    </p>

    <p class='ocr_par' dir='ltr' id='par_1_25' title="bbox 867 3341 1925 3403">
     <span class='ocr_line' id='line_1_64' title="bbox 867 3341 1925 3403; baseline 0.013 -20"><span class='ocrx_word' id='word_1_439' title='bbox 867 3341 948 3397; x_wconf 81' lang='grc'><strong>63)</strong></span> <span class='ocrx_word' id='word_1_440' title='bbox 989 3343 1228 3402; x_wconf 86' lang='lat' dir='ltr'><strong>hominem]</strong></span> <span class='ocrx_word' id='word_1_441' title='bbox 1263 3346 1483 3403; x_wconf 85' lang='lat' dir='ltr'><strong>Onold.,</strong></span> <span class='ocrx_word' id='word_1_442' title='bbox 1513 3352 1698 3394; x_wconf 84' lang='lat' dir='ltr'><strong>Wirc.:</strong></span> <span class='ocrx_word' id='word_1_443' title='bbox 1728 3353 1925 3397; x_wconf 82' lang='lat' dir='ltr'><strong>homines</strong></span> 
     </span>
    </p>

    <p class='ocr_par' dir='ltr' id='par_1_26' title="bbox 867 3414 1650 3477">
     <span class='ocr_line' id='line_1_65' title="bbox 867 3414 1650 3477; baseline 0.015 -22"><span class='ocrx_word' id='word_1_444' title='bbox 867 3414 948 3471; x_wconf 79' lang='lat'><strong>64)</strong></span> <span class='ocrx_word' id='word_1_445' title='bbox 984 3418 1229 3476; x_wconf 81' lang='lat' dir='ltr'><strong>potestatis]</strong></span> <span class='ocrx_word' id='word_1_446' title='bbox 1263 3421 1444 3465; x_wconf 82' lang='lat' dir='ltr'><strong>Wirc.=</strong></span> <span class='ocrx_word' id='word_1_447' title='bbox 1474 3422 1650 3477; x_wconf 79' lang='lat' dir='ltr'><strong>pietatis</strong></span> 
     </span>
    </p>

    <p class='ocr_par' dir='ltr' id='par_1_27' title="bbox 864 3487 2500 3552">
     <span class='ocr_line' id='line_1_66' title="bbox 864 3487 2500 3552; baseline 0.01 -22"><span class='ocrx_word' id='word_1_448' title='bbox 864 3487 944 3543; x_wconf 86' lang='grc'><strong>65)</strong></span> <span class='ocrx_word' id='word_1_449' title='bbox 981 3488 1068 3532; x_wconf 89' lang='lat' dir='ltr'><strong>Dei</strong></span> <span class='ocrx_word' id='word_1_450' title='bbox 1096 3492 1374 3551; x_wconf 82' lang='lat' dir='ltr'><strong>creationem]</strong></span> <span class='ocrx_word' id='word_1_451' title='bbox 1411 3495 1581 3537; x_wconf 82' lang='lat' dir='ltr'><strong>Wim.:</strong></span> <span class='ocrx_word' id='word_1_452' title='bbox 1612 3497 1875 3540; x_wconf 79' lang='lat' dir='ltr'><strong>creationem</strong></span> <span class='ocrx_word' id='word_1_453' title='bbox 1889 3497 2000 3552; x_wconf 87' lang='lat' dir='ltr'><strong>Dei,·</strong></span> <span class='ocrx_word' id='word_1_454' title='bbox 2027 3498 2248 3546; x_wconf 76' lang='lat' dir='ltr'><strong>Dresd.x</strong></span> <span class='ocrx_word' id='word_1_455' title='bbox 2275 3501 2362 3547; x_wconf 83' lang='lat' dir='ltr'><strong>Del</strong></span> <span class='ocrx_word' id='word_1_456' title='bbox 2382 3515 2500 3546; x_wconf 86' lang='lat' dir='ltr'><strong>crea-</strong></span> 
     </span>
    </p>

    <p class='ocr_par' dir='ltr' id='par_1_28' title="bbox 932 3547 1350 3617">
     <span class='ocr_line' id='line_1_67' title="bbox 932 3547 1350 3617; baseline 0.007 -28"><span class='ocrx_word' id='word_1_457' title='bbox 932 3599 937 3607; x_wconf 46' lang='grc'>,</span> <span class='ocrx_word' id='word_1_458' title='bbox 979 3549 1143 3591; x_wconf 84' lang='lat' dir='ltr'><strong>tionem</strong></span> <span class='ocrx_word' id='word_1_459' title='bbox 1172 3547 1256 3617; x_wconf 64' lang='lat' dir='ltr'><strong>Pei</strong></span> <span class='ocrx_word' id='word_1_460' title='bbox 1287 3550 1350 3606; x_wconf 68' lang='grc' dir='ltr'><strong>(ἲ)</strong></span> 
     </span>
    </p>

    <p class='ocr_par' dir='ltr' id='par_1_29' title="bbox 864 3633 2501 3757">
     <span class='ocr_line' id='line_1_68' title="bbox 864 3633 2501 3700; baseline 0.007 -22"><span class='ocrx_word' id='word_1_461' title='bbox 864 3633 944 3689; x_wconf 87' lang='grc'><strong>66)</strong></span> <span class='ocrx_word' id='word_1_462' title='bbox 981 3635 1138 3694; x_wconf 74' lang='lat' dir='ltr'><strong>Igitur]</strong></span> <span class='ocrx_word' id='word_1_463' title='bbox 1169 3637 1214 3678; x_wconf 73' lang='lat' dir='ltr'><strong>in</strong></span> <span class='ocrx_word' id='word_1_464' title='bbox 1239 3636 1381 3678; x_wconf 82' lang='lat' dir='ltr'><strong>Cass.</strong></span> <span class='ocrx_word' id='word_1_465' title='bbox 1415 3637 1456 3678; x_wconf 81' lang='lat'><strong>2.</strong></span> <span class='ocrx_word' id='word_1_466' title='bbox 1486 3637 1668 3694; x_wconf 71' lang='lat' dir='ltr'><strong>primun·</strong></span> <span class='ocrx_word' id='word_1_467' title='bbox 1711 3647 1804 3684; x_wconf 77' lang='lat' dir='ltr'><strong>emt</strong></span> <span class='ocrx_word' id='word_1_468' title='bbox 1841 3643 1999 3699; x_wconf 74' lang='lat' dir='ltr'><strong>scn&#39;pta</strong></span> <span class='ocrx_word' id='word_1_469' title='bbox 2026 3657 2130 3686; x_wconf 70' lang='lat' dir='ltr'><strong>vox:</strong></span> <span class='ocrx_word' id='word_1_470' title='bbox 2164 3644 2358 3700; x_wconf 76' lang='lat' dir='ltr'><strong>Ideoque</strong></span> <span class='ocrx_word' id='word_1_471' title='bbox 2397 3644 2501 3690; x_wconf 71' lang='lat' dir='ltr'><strong>haee</strong></span> 
     </span>
     <span class='ocr_line' id='line_1_69' title="bbox 978 3693 2155 3757; baseline 0.008 -22"><span class='ocrx_word' id='word_1_472' title='bbox 978 3700 1111 3738; x_wconf 77' lang='lat' dir='ltr'><strong>autem</strong></span> <span class='ocrx_word' id='word_1_473' title='bbox 1142 3693 1275 3737; x_wconf 66' lang='lat' dir='ltr'><strong>deleta</strong></span> <span class='ocrx_word' id='word_1_474' title='bbox 1305 3701 1343 3737; x_wconf 79' lang='lat' dir='ltr'><strong>et</strong></span> <span class='ocrx_word' id='word_1_475' title='bbox 1368 3700 1462 3750; x_wconf 77' lang='lat' dir='ltr'><strong>post</strong></span> <span class='ocrx_word' id='word_1_476' title='bbox 1490 3708 1580 3738; x_wconf 79' lang='lat' dir='ltr'><strong>eam</strong></span> <span class='ocrx_word' id='word_1_477' title='bbox 1608 3700 1767 3754; x_wconf 58' lang='lat' dir='ltr'><strong>scripu</strong></span> <span class='ocrx_word' id='word_1_478' title='bbox 1796 3705 1856 3742; x_wconf 74' lang='lat' dir='ltr'><strong>est</strong></span> <span class='ocrx_word' id='word_1_479' title='bbox 1884 3713 1986 3743; x_wconf 69' lang='lat' dir='ltr'><strong>vos:</strong></span> <span class='ocrx_word' id='word_1_480' title='bbox 2015 3702 2155 3757; x_wconf 72' lang='lat' dir='ltr'><strong>Igitur</strong></span> 
     </span>
    </p>

    <p class='ocr_par' dir='ltr' id='par_1_30' title="bbox 862 3765 1877 3822">
     <span class='ocr_line' id='line_1_70' title="bbox 862 3765 1877 3822; baseline 0.006 -14"><span class='ocrx_word' id='word_1_481' title='bbox 862 3765 943 3821; x_wconf 91' lang='grc'><strong>67)</strong></span> <span class='ocrx_word' id='word_1_482' title='bbox 983 3773 1087 3808; x_wconf 85' lang='lat' dir='ltr'><strong>sunt</strong></span> <span class='ocrx_word' id='word_1_483' title='bbox 1117 3767 1289 3822; x_wconf 87' lang='lat' dir='ltr'><strong>idonei]</strong></span> <span class='ocrx_word' id='word_1_484' title='bbox 1317 3767 1410 3809; x_wconf 80' lang='lat' dir='ltr'><strong>Ed.</strong></span> <span class='ocrx_word' id='word_1_485' title='bbox 1441 3773 1567 3810; x_wconf 81' lang='lat' dir='ltr'><strong>snt.:</strong></span> <span class='ocrx_word' id='word_1_486' title='bbox 1596 3769 1745 3813; x_wconf 85' lang='lat' dir='ltr'><strong>idonei</strong></span> <span class='ocrx_word' id='word_1_487' title='bbox 1773 3778 1877 3813; x_wconf 81' lang='lat' dir='ltr'><strong>sunt</strong></span> 
     </span>
    </p>

    <p class='ocr_par' dir='ltr' id='par_1_31' title="bbox 862 3837 1438 3895">
     <span class='ocr_line' id='line_1_71' title="bbox 862 3837 1438 3895; baseline 0.002 -16"><span class='ocrx_word' id='word_1_488' title='bbox 862 3837 943 3892; x_wconf 80' lang='grc'><strong>66)</strong></span> <span class='ocrx_word' id='word_1_489' title='bbox 980 3837 1068 3892; x_wconf 84' lang='lat' dir='ltr'><strong>his]</strong></span> <span class='ocrx_word' id='word_1_490' title='bbox 1097 3838 1189 3881; x_wconf 86' lang='lat' dir='ltr'><strong>Ed.</strong></span> <span class='ocrx_word' id='word_1_491' title='bbox 1222 3846 1353 3880; x_wconf 59' lang='lat' dir='ltr'><strong>snt:</strong></span> <span class='ocrx_word' id='word_1_492' title='bbox 1385 3839 1438 3895; x_wconf 68' lang='lat' dir='ltr'><strong>ijat</strong></span> 
     </span>
    </p>

    <p class='ocr_par' dir='ltr' id='par_1_32' title="bbox 860 3909 2497 4022">
     <span class='ocr_line' id='line_1_72' title="bbox 860 3909 2497 3972; baseline 0.005 -19"><span class='ocrx_word' id='word_1_493' title='bbox 860 3912 941 3964; x_wconf 86' lang='grc'><strong>69)</strong></span> <span class='ocrx_word' id='word_1_494' title='bbox 977 3912 1127 3965; x_wconf 80' lang='lat' dir='ltr'><strong>licere]</strong></span> <span class='ocrx_word' id='word_1_495' title='bbox 1158 3911 1302 3953; x_wconf 82' lang='lat' dir='ltr'><strong>Cass.</strong></span> <span class='ocrx_word' id='word_1_496' title='bbox 1335 3913 1402 3963; x_wconf 83' lang='grc'><strong>2.,</strong></span> <span class='ocrx_word' id='word_1_497' title='bbox 1431 3909 1610 3964; x_wconf 62' lang='lat' dir='ltr'><strong>Dens„</strong></span> <span class='ocrx_word' id='word_1_498' title='bbox 1638 3911 1863 3969; x_wconf 86' lang='lat' dir='ltr'><strong>Dresd.,</strong></span> <span class='ocrx_word' id='word_1_499' title='bbox 1891 3916 2041 3970; x_wconf 61' lang='lat' dir='ltr'><strong>Nor„</strong></span> <span class='ocrx_word' id='word_1_500' title='bbox 2069 3916 2290 3972; x_wconf 85' lang='lat' dir='ltr'><strong>Onold.,</strong></span> <span class='ocrx_word' id='word_1_501' title='bbox 2320 3917 2497 3971; x_wconf 75' lang='lat' dir='ltr'><strong>Win..</strong></span> 
     </span>
     <span class='ocr_line' id='line_1_73' title="bbox 976 3968 1753 4022; baseline 0.003 -11"><span class='ocrx_word' id='word_1_502' title='bbox 976 3968 1123 4022; x_wconf 52' lang='lat' dir='ltr'><strong>Rae,</strong></span> <span class='ocrx_word' id='word_1_503' title='bbox 1152 3969 1337 4020; x_wconf 87' lang='lat' dir='ltr'><strong>Wirc.‚</strong></span> <span class='ocrx_word' id='word_1_504' title='bbox 1367 3968 1548 4013; x_wconf 70' lang='lat' dir='ltr'><strong>Fabi-,z</strong></span> <span class='ocrx_word' id='word_1_505' title='bbox 1577 3970 1753 4013; x_wconf 78' lang='lat' dir='ltr'><strong>licuisse</strong></span> 
     </span>
    </p>

    <p class='ocr_par' dir='ltr' id='par_1_33' title="bbox 862 4040 1705 4096">
     <span class='ocr_line' id='line_1_74' title="bbox 862 4040 1705 4096; baseline 0.002 -13"><span class='ocrx_word' id='word_1_506' title='bbox 862 4040 940 4096; x_wconf 82' lang='grc'><strong>70)</strong></span> <span class='ocrx_word' id='word_1_507' title='bbox 977 4043 1023 4083; x_wconf 87' lang='lat' dir='ltr'><strong>in</strong></span> <span class='ocrx_word' id='word_1_508' title='bbox 1055 4040 1273 4096; x_wconf 81' lang='lat' dir='ltr'><strong>Ecclesia]</strong></span> <span class='ocrx_word' id='word_1_509' title='bbox 1300 4040 1477 4084; x_wconf 85' lang='lat' dir='ltr'><strong>Dcss.=</strong></span> <span class='ocrx_word' id='word_1_510' title='bbox 1506 4041 1705 4086; x_wconf 80' lang='lat' dir='ltr'><strong>Ecclesia</strong></span> 
     </span>
    </p>

    <p class='ocr_par' dir='ltr' id='par_1_34' title="bbox 859 4113 1426 4169">
     <span class='ocr_line' id='line_1_75' title="bbox 859 4113 1426 4169; baseline 0 -14"><span class='ocrx_word' id='word_1_511' title='bbox 859 4113 938 4167; x_wconf 86' lang='grc'><strong>71)</strong></span> <span class='ocrx_word' id='word_1_512' title='bbox 978 4113 1039 4169; x_wconf 80' lang='lat' dir='ltr'><strong>vi]</strong></span> <span class='ocrx_word' id='word_1_513' title='bbox 1072 4114 1230 4158; x_wconf 86' lang='lat' dir='ltr'><strong>Wirc.</strong></span> <span class='ocrx_word' id='word_1_514' title='bbox 1262 4114 1426 4156; x_wconf 70' lang='lat' dir='ltr'><strong>omittit.</strong></span> 
     </span>
    </p>

    <p class='ocr_par' dir='ltr' id='par_1_35' title="bbox 857 4187 1381 4246">
     <span class='ocr_line' id='line_1_76' title="bbox 857 4187 1381 4246; baseline -0.004 -16"><span class='ocrx_word' id='word_1_515' title='bbox 857 4189 941 4246; x_wconf 80' lang='lat'><strong>⁰12)</strong></span> <span class='ocrx_word' id='word_1_516' title='bbox 979 4188 1072 4243; x_wconf 80' lang='lat' dir='ltr'><strong>qul]</strong></span> <span class='ocrx_word' id='word_1_517' title='bbox 1101 4192 1283 4238; x_wconf 55' lang='lat' dir='ltr'><strong>wiron</strong></span> <span class='ocrx_word' id='word_1_518' title='bbox 1312 4187 1381 4229; x_wconf 87' lang='lat' dir='ltr'><strong>cui</strong></span> 
     </span>
    </p>
   </div>
   <div class='ocr_carea' id='block_1_16' title="bbox 860 4247 2500 4354">
    <p class='ocr_par' dir='ltr' id='par_1_36' title="bbox 860 4247 2500 4354">
     <span class='ocr_line' id='line_1_77' title="bbox 860 4247 2500 4354; baseline -0.001 -49"><span class='ocrx_word' id='word_1_519' title='bbox 860 4247 940 4305; x_wconf 75' lang='lat'><strong>⁷3)</strong></span> <span class='ocrx_word' id='word_1_520' title='bbox 972 4250 1094 4354; x_wconf 51' lang='lat' dir='ltr'><strong>{2ae</strong></span> <span class='ocrx_word' id='word_1_521' title='bbox 1129 4260 1353 4303; x_wconf 71' lang='lat' dir='ltr'><strong>adamati</strong></span> <span class='ocrx_word' id='word_1_522' title='bbox 1392 4267 1506 4313; x_wconf 79' lang='lat' dir='ltr'><strong>sunt,</strong></span> <span class='ocrx_word' id='word_1_523' title='bbox 1536 4284 1590 4294; x_wconf 91' lang='lat'>—</span> <span class='ocrx_word' id='word_1_524' title='bbox 1628 4260 1873 4314; x_wconf 70' lang='lat' dir='ltr'><strong>Pontineis]</strong></span> <span class='ocrx_word' id='word_1_525' title='bbox 1914 4257 2019 4304; x_wconf 62' lang='lat' dir='ltr'><strong>haee</strong></span> <span class='ocrx_word' id='word_1_526' title='bbox 2064 4258 2181 4303; x_wconf 70' lang='lat' dir='ltr'><strong>nst.</strong></span> <span class='ocrx_word' id='word_1_527' title='bbox 2223 4261 2271 4303; x_wconf 63' lang='grc' dir='ltr'><strong>εἰ·</strong></span> <span class='ocrx_word' id='word_1_528' title='bbox 2311 4262 2500 4317; x_wconf 68' lang='lat' dir='ltr'><strong>nto-qim</strong></span> 
     </span>
    </p>
   </div>
   <div class='ocr_carea' id='block_1_17' title="bbox 1831 4099 1884 4122">
    <p class='ocr_par' dir='ltr' id='par_1_37' title="bbox 1831 4099 1884 4122">
     <span class='ocr_line' id='line_1_78' title="bbox 1831 4099 1884 4122; baseline 0 -7"><span class='ocrx_word' id='word_1_529' title='bbox 1831 4099 1884 4122; x_wconf 51' lang='lat' dir='ltr'><strong>fis</strong></span> 
     </span>
    </p>
   </div>
   <div class='ocr_carea' id='block_1_18' title="bbox 854 4379 1928 4806">
    <p class='ocr_par' dir='ltr' id='par_1_38' title="bbox 858 4379 1662 4446">
     <span class='ocr_line' id='line_1_79' title="bbox 858 4379 1662 4446; baseline 0.001 -13"><span class='ocrx_word' id='word_1_530' title='bbox 858 4379 937 4433; x_wconf 77' lang='lat'><strong>⁷4)</strong></span> <span class='ocrx_word' id='word_1_531' title='bbox 966 4383 1022 4425; x_wconf 85' lang='lat' dir='ltr'><strong>de</strong></span> <span class='ocrx_word' id='word_1_532' title='bbox 1052 4396 1109 4427; x_wconf 87' lang='lat' dir='ltr'><strong>ex</strong></span> <span class='ocrx_word' id='word_1_533' title='bbox 1137 4386 1204 4446; x_wconf 87' lang='lat' dir='ltr'><strong>re]</strong></span> <span class='ocrx_word' id='word_1_534' title='bbox 1234 4389 1411 4433; x_wconf 57' lang='lat' dir='ltr'><strong>Faba:</strong></span> <span class='ocrx_word' id='word_1_535' title='bbox 1442 4403 1498 4433; x_wconf 86' lang='lat' dir='ltr'><strong>ex</strong></span> <span class='ocrx_word' id='word_1_536' title='bbox 1528 4392 1584 4433; x_wconf 87' lang='lat' dir='ltr'><strong>de</strong></span> <span class='ocrx_word' id='word_1_537' title='bbox 1611 4402 1662 4433; x_wconf 83' lang='lat' dir='ltr'><strong>re</strong></span> 
     </span>
    </p>

    <p class='ocr_par' dir='ltr' id='par_1_39' title="bbox 854 4460 1928 4664">
     <span class='ocr_line' id='line_1_80' title="bbox 857 4460 1864 4519; baseline 0.002 -16"><span class='ocrx_word' id='word_1_538' title='bbox 857 4460 936 4516; x_wconf 86' lang='grc'><strong>75)</strong></span> <span class='ocrx_word' id='word_1_539' title='bbox 976 4474 1206 4517; x_wconf 83' lang='lat' dir='ltr'><strong>oppressus</strong></span> <span class='ocrx_word' id='word_1_540' title='bbox 1237 4462 1310 4519; x_wconf 79' lang='lat' dir='ltr'><strong>sit]</strong></span> <span class='ocrx_word' id='word_1_541' title='bbox 1342 4462 1518 4505; x_wconf 53' lang='lat' dir='ltr'><strong>Fabiu</strong></span> <span class='ocrx_word' id='word_1_542' title='bbox 1548 4464 1607 4506; x_wconf 81' lang='lat' dir='ltr'><strong>sit</strong></span> <span class='ocrx_word' id='word_1_543' title='bbox 1633 4474 1864 4519; x_wconf 76' lang='lat' dir='ltr'><strong>oppressus</strong></span> 
     </span>
     <span class='ocr_line' id='line_1_81' title="bbox 855 4532 1928 4591; baseline -0.001 -15"><span class='ocrx_word' id='word_1_544' title='bbox 855 4532 937 4588; x_wconf 87' lang='grc'><strong>76)</strong></span> <span class='ocrx_word' id='word_1_545' title='bbox 971 4534 1328 4591; x_wconf 84' lang='lat' dir='ltr'><strong>prohiberentur]</strong></span> <span class='ocrx_word' id='word_1_546' title='bbox 1361 4535 1454 4577; x_wconf 82' lang='lat' dir='ltr'><strong>Ed.</strong></span> <span class='ocrx_word' id='word_1_547' title='bbox 1485 4541 1618 4578; x_wconf 55' lang='lat' dir='ltr'><strong>ana:</strong></span> <span class='ocrx_word' id='word_1_548' title='bbox 1647 4535 1928 4589; x_wconf 77' lang='lat' dir='ltr'><strong>prohiberent</strong></span> 
     </span>
     <span class='ocr_line' id='line_1_82' title="bbox 854 4604 1781 4664; baseline 0.001 -16"><span class='ocrx_word' id='word_1_549' title='bbox 854 4604 933 4661; x_wconf 88' lang='grc'><strong>77)</strong></span> <span class='ocrx_word' id='word_1_550' title='bbox 969 4608 1087 4662; x_wconf 84' lang='lat' dir='ltr'><strong>ipsos</strong></span> <span class='ocrx_word' id='word_1_551' title='bbox 1118 4609 1268 4664; x_wconf 83' lang='lat' dir='ltr'><strong>etiam]</strong></span> <span class='ocrx_word' id='word_1_552' title='bbox 1297 4608 1469 4651; x_wconf 79' lang='lat' dir='ltr'><strong>Fabr.:</strong></span> <span class='ocrx_word' id='word_1_553' title='bbox 1501 4608 1632 4649; x_wconf 79' lang='lat' dir='ltr'><strong>etism</strong></span> <span class='ocrx_word' id='word_1_554' title='bbox 1659 4608 1781 4661; x_wconf 84' lang='lat' dir='ltr'><strong>ipsos</strong></span> 
     </span>
    </p>

    <p class='ocr_par' dir='ltr' id='par_1_40' title="bbox 854 4678 1592 4736">
     <span class='ocr_line' id='line_1_83' title="bbox 854 4678 1592 4736; baseline 0.004 -17"><span class='ocrx_word' id='word_1_555' title='bbox 854 4678 935 4735; x_wconf 88' lang='grc'><strong>78)</strong></span> <span class='ocrx_word' id='word_1_556' title='bbox 974 4679 1074 4736; x_wconf 88' lang='lat' dir='ltr'><strong>sed]</strong></span> <span class='ocrx_word' id='word_1_557' title='bbox 1107 4679 1321 4724; x_wconf 84' lang='lat' dir='ltr'><strong>Onold.:</strong></span> <span class='ocrx_word' id='word_1_558' title='bbox 1352 4680 1431 4723; x_wconf 85' lang='lat' dir='ltr'><strong>sed</strong></span> <span class='ocrx_word' id='word_1_559' title='bbox 1461 4679 1592 4722; x_wconf 78' lang='lat' dir='ltr'><strong>etiam</strong></span> 
     </span>
    </p>

    <p class='ocr_par' dir='ltr' id='par_1_41' title="bbox 854 4749 1867 4806">
     <span class='ocr_line' id='line_1_84' title="bbox 854 4749 1867 4806; baseline 0.002 -14"><span class='ocrx_word' id='word_1_560' title='bbox 854 4749 933 4806; x_wconf 91' lang='grc'><strong>76)</strong></span> <span class='ocrx_word' id='word_1_561' title='bbox 969 4751 1017 4805; x_wconf 69' lang='lat' dir='ltr'><strong>a]</strong></span> <span class='ocrx_word' id='word_1_562' title='bbox 1045 4751 1258 4794; x_wconf 84' lang='lat' dir='ltr'><strong>Weberns</strong></span> <span class='ocrx_word' id='word_1_563' title='bbox 1287 4753 1332 4794; x_wconf 72' lang='lat' dir='ltr'><strong>in</strong></span> <span class='ocrx_word' id='word_1_564' title='bbox 1358 4764 1440 4794; x_wconf 75' lang='lat' dir='ltr'><strong>sua</strong></span> <span class='ocrx_word' id='word_1_565' title='bbox 1466 4749 1552 4796; x_wconf 70' lang='lat' dir='ltr'><strong>Ed.</strong></span> <span class='ocrx_word' id='word_1_566' title='bbox 1580 4749 1690 4795; x_wconf 63' lang='lat' dir='ltr'><strong>nale</strong></span> <span class='ocrx_word' id='word_1_567' title='bbox 1716 4750 1867 4794; x_wconf 59' lang='lat' dir='ltr'><strong>ondit.</strong></span> 
     </span>
    </p>
   </div>
   <div class='ocr_carea' id='block_1_19' title="bbox 2583 2609 4224 2975">
    <p class='ocr_par' dir='ltr' id='par_1_42' title="bbox 2583 2609 4224 2975">
     <span class='ocr_line' id='line_1_85' title="bbox 2728 2609 4224 2685; baseline 0.002 -15"><span class='ocrx_word' id='word_1_568' title='bbox 2728 2615 2888 2670; x_wconf 87' lang='lat' dir='ltr'><strong>Sicut</strong></span> <span class='ocrx_word' id='word_1_569' title='bbox 2923 2623 3105 2667; x_wconf 87' lang='lat' dir='ltr'><strong>autem</strong></span> <span class='ocrx_word' id='word_1_570' title='bbox 3143 2609 3296 2667; x_wconf 88' lang='lat' dir='ltr'><strong>nulla</strong></span> <span class='ocrx_word' id='word_1_571' title='bbox 3330 2610 3423 2667; x_wconf 83' lang='lat' dir='ltr'><strong>lex</strong></span> <span class='ocrx_word' id='word_1_572' title='bbox 3441 2613 3682 2671; x_wconf 84' lang='lat' dir='ltr'><strong>humana</strong></span> <span class='ocrx_word' id='word_1_573' title='bbox 3698 2625 3885 2685; x_wconf 85' lang='lat' dir='ltr'><strong>potest</strong></span> <span class='ocrx_word' id='word_1_574' title='bbox 3901 2616 4224 2673; x_wconf 77' lang='lat' dir='ltr'><strong>mandatum</strong></span> 
     </span>
     <span class='ocr_line' id='line_1_86' title="bbox 2584 2684 4223 2757; baseline 0.002 -16"><span class='ocrx_word' id='word_1_575' title='bbox 2584 2685 2693 2741; x_wconf 89' lang='lat' dir='ltr'><strong>Dei</strong></span> <span class='ocrx_word' id='word_1_576' title='bbox 2729 2684 2950 2751; x_wconf 84' lang='lat' dir='ltr'><strong>tollere,</strong></span> <span class='ocrx_word' id='word_1_577' title='bbox 2987 2686 3063 2738; x_wconf 88' lang='lat' dir='ltr'><strong>ita</strong></span> <span class='ocrx_word' id='word_1_578' title='bbox 3098 2701 3206 2740; x_wconf 88' lang='lat' dir='ltr'><strong>nec</strong></span> <span class='ocrx_word' id='word_1_579' title='bbox 3242 2695 3429 2740; x_wconf 86' lang='lat' dir='ltr'><strong>votum</strong></span> <span class='ocrx_word' id='word_1_580' title='bbox 3438 2696 3634 2757; x_wconf 82' lang='lat' dir='ltr'><strong>potest</strong></span> <span class='ocrx_word' id='word_1_581' title='bbox 3670 2685 3868 2741; x_wconf 89' lang='lat' dir='ltr'><strong>tollere</strong></span> <span class='ocrx_word' id='word_1_582' title='bbox 3903 2689 4223 2744; x_wconf 78' lang='lat' dir='ltr'><strong>mandatnm</strong></span> 
     </span>
     <span class='ocr_line' id='line_1_87' title="bbox 2585 2755 4222 2829; baseline 0.002 -17"><span class='ocrx_word' id='word_1_583' title='bbox 2585 2755 2714 2812; x_wconf 87' lang='lat' dir='ltr'><strong>Dei.</strong></span> <span class='ocrx_word' id='word_1_584' title='bbox 2786 2755 3030 2812; x_wconf 88' lang='lat' dir='ltr'><strong>Proinde</strong></span> <span class='ocrx_word' id='word_1_585' title='bbox 3067 2756 3230 2812; x_wconf 89' lang='lat' dir='ltr'><strong>etiam</strong></span> <span class='ocrx_word' id='word_1_586' title='bbox 3250 2755 3566 2829; x_wconf 84' lang='lat' dir='ltr'><strong>Cyprianus</strong></span> <span class='ocrx_word' id='word_1_587' title='bbox 3602 2760 3822 2827; x_wconf 80' lang='lat' dir='ltr'><strong>suadet,</strong></span> <span class='ocrx_word' id='word_1_588' title='bbox 3861 2767 3923 2815; x_wconf 83' lang='lat' dir='ltr'><strong>vt</strong></span> <span class='ocrx_word' id='word_1_589' title='bbox 3957 2755 4222 2815; x_wconf 82' lang='lat' dir='ltr'><strong>mulieres</strong></span> 
     </span>
     <span class='ocr_line' id='line_1_88' title="bbox 2583 2831 4221 2919; baseline 0 -35"><span class='ocrx_word' id='word_1_590' title='bbox 2583 2831 2797 2885; x_wconf 87' lang='lat' dir='ltr'><strong>nubant</strong></span> <span class='ocrx_word' id='word_1_591' title='bbox 2842 2846 2990 2919; x_wconf 63' lang='lat' dir='ltr'><strong>quae</strong></span> <span class='ocrx_word' id='word_1_592' title='bbox 3034 2844 3149 2883; x_wconf 87' lang='lat' dir='ltr'><strong>non</strong></span> <span class='ocrx_word' id='word_1_593' title='bbox 3194 2837 3426 2883; x_wconf 75' lang='lat' dir='ltr'><strong>seruant</strong></span> <span class='ocrx_word' id='word_1_594' title='bbox 3488 2831 3824 2901; x_wconf 88' lang='lat' dir='ltr'><strong>promissam</strong></span> <span class='ocrx_word' id='word_1_595' title='bbox 3883 2832 4221 2887; x_wconf 78' lang='lat' dir='ltr'><strong>castitatem.</strong></span> 
     </span>
     <span class='ocr_line' id='line_1_89' title="bbox 2586 2897 4222 2975; baseline 0.001 -20"><span class='ocrx_word' id='word_1_596' title='bbox 2586 2899 2777 2957; x_wconf 88' lang='lat' dir='ltr'><strong>Verba</strong></span> <span class='ocrx_word' id='word_1_597' title='bbox 2820 2917 2940 2957; x_wconf 79' lang='lat' dir='ltr'><strong>erus</strong></span> <span class='ocrx_word' id='word_1_598' title='bbox 2986 2908 3118 2955; x_wconf 86' lang='lat' dir='ltr'><strong>sunt</strong></span> <span class='ocrx_word' id='word_1_599' title='bbox 3162 2898 3307 2954; x_wconf 90' lang='lat' dir='ltr'><strong>haec</strong></span> <span class='ocrx_word' id='word_1_600' title='bbox 3354 2897 3448 2955; x_wconf 89' lang='lat' dir='ltr'><strong>lib.</strong></span> <span class='ocrx_word' id='word_1_601' title='bbox 3500 2901 3550 2955; x_wconf 94' lang='lat'><strong>1.</strong></span> <span class='ocrx_word' id='word_1_602' title='bbox 3590 2899 3860 2975; x_wconf 81' lang='lat' dir='ltr'><strong>Epistola.</strong></span> <span class='ocrx_word' id='word_1_603' title='bbox 3895 2903 3970 2958; x_wconf 84' lang='lat' dir='ltr'><strong>xi.</strong></span> <span class='ocrx_word' id='word_1_604' title='bbox 3992 2905 4082 2969; x_wconf 81' lang='lat'><strong>⁹⁶)</strong></span> <span class='ocrx_word' id='word_1_605' title='bbox 4158 2902 4222 2958; x_wconf 89' lang='lat' dir='ltr'><strong>Si</strong></span> 
     </span>
    </p>
   </div>
   <div class='ocr_carea' id='block_1_20' title="bbox 2585 3027 2920 3040">
    <p class='ocr_par' dir='ltr' id='par_1_43' title="bbox 2585 3027 2920 3040">
     <span class='ocr_line' id='line_1_90' title="bbox 2585 3027 2920 3040; baseline 0 2537"><span class='ocrx_word' id='word_1_606' title='bbox 2585 3027 2920 3040; x_wconf 95' lang='lat' dir='ltr'><strong> </strong></span> 
     </span>
    </p>
   </div>
   <div class='ocr_carea' id='block_1_21' title="bbox 2582 3100 4221 3228">
    <p class='ocr_par' dir='ltr' id='par_1_44' title="bbox 2582 3100 4221 3228">
     <span class='ocr_line' id='line_1_91' title="bbox 2582 3100 4221 3185; baseline 0.001 -14"><span class='ocrx_word' id='word_1_607' title='bbox 2582 3128 2663 3183; x_wconf 88' lang='grc'><strong>80)</strong></span> <span class='ocrx_word' id='word_1_608' title='bbox 2694 3134 2851 3171; x_wconf 78' lang='lat' dir='ltr'><strong>natura</strong></span> <span class='ocrx_word' id='word_1_609' title='bbox 2865 3100 3070 3185; x_wconf 66' lang='lat' dir='ltr'><strong>humans]</strong></span> <span class='ocrx_word' id='word_1_610' title='bbox 3106 3129 3325 3182; x_wconf 71' lang='lat' dir='ltr'><strong>ottold..</strong></span> <span class='ocrx_word' id='word_1_611' title='bbox 3354 3130 3535 3173; x_wconf 56' lang='lat' dir='ltr'><strong>Faba:</strong></span> <span class='ocrx_word' id='word_1_612' title='bbox 3563 3131 3753 3174; x_wconf 75' lang='lat' dir='ltr'><strong>humma</strong></span> <span class='ocrx_word' id='word_1_613' title='bbox 3772 3136 3944 3184; x_wconf 77' lang='lat' dir='ltr'><strong>natura,</strong></span> <span class='ocrx_word' id='word_1_614' title='bbox 3972 3131 4221 3177; x_wconf 53' lang='lat' dir='ltr'><strong>nti-anta</strong></span> 
     </span>
     <span class='ocr_line' id='line_1_92' title="bbox 2695 3186 3181 3228; baseline 0.002 -1"><span class='ocrx_word' id='word_1_615' title='bbox 2695 3191 2845 3227; x_wconf 76' lang='lat' dir='ltr'><strong>nostra</strong></span> <span class='ocrx_word' id='word_1_616' title='bbox 2872 3186 3063 3228; x_wconf 73' lang='lat' dir='ltr'><strong>humana</strong></span> <span class='ocrx_word' id='word_1_617' title='bbox 3094 3187 3181 3228; x_wconf 83' lang='lat' dir='ltr'><strong>vita</strong></span> 
     </span>
    </p>
   </div>
   <div class='ocr_carea' id='block_1_22' title="bbox 2579 3256 4224 3457">
    <p class='ocr_par' dir='ltr' id='par_1_45' title="bbox 2579 3256 4224 3457">
     <span class='ocr_line' id='line_1_93' title="bbox 2580 3256 3344 3313; baseline 0.003 -15"><span class='ocrx_word' id='word_1_618' title='bbox 2580 3257 2659 3310; x_wconf 84' lang='grc'><strong>81)</strong></span> <span class='ocrx_word' id='word_1_619' title='bbox 2695 3256 2901 3313; x_wconf 80' lang='lat' dir='ltr'><strong>veterem]</strong></span> <span class='ocrx_word' id='word_1_620' title='bbox 2934 3258 3118 3301; x_wconf 83' lang='lat' dir='ltr'><strong>Wirc.=</strong></span> <span class='ocrx_word' id='word_1_621' title='bbox 3149 3264 3344 3300; x_wconf 79' lang='lat' dir='ltr'><strong>veterum</strong></span> 
     </span>
     <span class='ocr_line' id='line_1_94' title="bbox 2580 3327 4224 3390; baseline 0.002 -18"><span class='ocrx_word' id='word_1_622' title='bbox 2580 3329 2659 3383; x_wconf 78' lang='lat'><strong>82&gt;</strong></span> <span class='ocrx_word' id='word_1_623' title='bbox 2695 3328 3052 3385; x_wconf 76' lang='lat' dir='ltr'><strong>imbecillitateml</strong></span> <span class='ocrx_word' id='word_1_624' title='bbox 3086 3327 3277 3373; x_wconf 87' lang='lat' dir='ltr'><strong>Onold.</strong></span> <span class='ocrx_word' id='word_1_625' title='bbox 3307 3330 3432 3373; x_wconf 68' lang='lat' dir='ltr'><strong>nale:</strong></span> <span class='ocrx_word' id='word_1_626' title='bbox 3464 3331 3804 3374; x_wconf 67' lang='lat' dir='ltr'><strong>nubecillitatem</strong></span> <span class='ocrx_word' id='word_1_627' title='bbox 3825 3332 3910 3385; x_wconf 66' lang='lat' dir='ltr'><strong>(sie</strong></span> <span class='ocrx_word' id='word_1_628' title='bbox 3922 3331 4224 3390; x_wconf 53' lang='lat' dir='ltr'><strong>‹weyt-uphem)</strong></span> 
     </span>
     <span class='ocr_line' id='line_1_95' title="bbox 2579 3401 3129 3457; baseline -0.002 -13"><span class='ocrx_word' id='word_1_629' title='bbox 2579 3401 2670 3457; x_wconf 69' lang='grc'><strong>83)</strong></span> <span class='ocrx_word' id='word_1_630' title='bbox 2695 3401 2779 3455; x_wconf 83' lang='lat' dir='ltr'><strong>est]</strong></span> <span class='ocrx_word' id='word_1_631' title='bbox 2806 3401 2935 3443; x_wconf 83' lang='lat' dir='ltr'><strong>Dess.</strong></span> <span class='ocrx_word' id='word_1_632' title='bbox 2965 3401 3129 3443; x_wconf 66' lang='lat' dir='ltr'><strong>ontimt.</strong></span> 
     </span>
    </p>
   </div>
   <div class='ocr_carea' id='block_1_23' title="bbox 2578 3471 4220 3573">
    <p class='ocr_par' dir='ltr' id='par_1_46' title="bbox 2578 3471 4220 3573">
     <span class='ocr_line' id='line_1_96' title="bbox 2578 3471 4220 3572; baseline 0.001 -57"><span class='ocrx_word' id='word_1_633' title='bbox 2578 3471 2659 3527; x_wconf 70' lang='lat'><strong>84)</strong></span> <span class='ocrx_word' id='word_1_634' title='bbox 2689 3472 2766 3571; x_wconf 52' lang='grc' dir='ltr'><strong>ΔΞ</strong></span> <span class='ocrx_word' id='word_1_635' title='bbox 2787 3471 3006 3572; x_wconf 53' lang='grc' dir='ltr'><strong>ᾜειιιιπ]</strong></span> <span class='ocrx_word' id='word_1_636' title='bbox 3038 3471 3130 3517; x_wconf 75' lang='lat' dir='ltr'><strong>nd.</strong></span> <span class='ocrx_word' id='word_1_637' title='bbox 3161 3480 3299 3526; x_wconf 78' lang='lat' dir='ltr'><strong>snt..</strong></span> <span class='ocrx_word' id='word_1_638' title='bbox 3326 3473 3508 3516; x_wconf 80' lang='lat' dir='ltr'><strong>Fabr.=</strong></span> <span class='ocrx_word' id='word_1_639' title='bbox 3539 3473 3751 3516; x_wconf 82' lang='lat' dir='ltr'><strong>Videntur</strong></span> <span class='ocrx_word' id='word_1_640' title='bbox 3765 3475 3896 3527; x_wconf 82' lang='lat' dir='ltr'><strong>enim,</strong></span> <span class='ocrx_word' id='word_1_641' title='bbox 3926 3473 4121 3517; x_wconf 56' lang='lat' dir='ltr'><strong>Wirea</strong></span> <span class='ocrx_word' id='word_1_642' title='bbox 4150 3476 4220 3517; x_wconf 78' lang='lat' dir='ltr'><strong>Ao</strong></span> 
     </span>
     <span class='ocr_line' id='line_1_97' title="bbox 2693 3542 2976 3573; baseline 0.007 -4"><span class='ocrx_word' id='word_1_643' title='bbox 2693 3542 2736 3573; x_wconf 72' lang='lat' dir='ltr'><strong>vx</strong></span> <span class='ocrx_word' id='word_1_644' title='bbox 2769 3542 2793 3572; x_wconf 85' lang='lat' dir='ltr'><strong>e</strong></span> <span class='ocrx_word' id='word_1_645' title='bbox 2871 3543 2894 3571; x_wconf 89' lang='lat' dir='ltr'><strong>r</strong></span> <span class='ocrx_word' id='word_1_646' title='bbox 2920 3542 2976 3572; x_wconf 86' lang='lat' dir='ltr'><strong>ne</strong></span> 
     </span>
    </p>
   </div>
   <div class='ocr_carea' id='block_1_24' title="bbox 2577 3600 3919 3658">
    <p class='ocr_par' dir='ltr' id='par_1_47' title="bbox 2577 3600 3919 3658">
     <span class='ocr_line' id='line_1_98' title="bbox 2577 3600 3919 3658; baseline 0 -13"><span class='ocrx_word' id='word_1_647' title='bbox 2577 3602 2657 3658; x_wconf 86' lang='grc'><strong>85)</strong></span> <span class='ocrx_word' id='word_1_648' title='bbox 2689 3600 2896 3658; x_wconf 77' lang='lat' dir='ltr'><strong>defuturi]</strong></span> <span class='ocrx_word' id='word_1_649' title='bbox 2929 3601 3109 3645; x_wconf 60' lang='lat' dir='ltr'><strong>Deam:</strong></span> <span class='ocrx_word' id='word_1_650' title='bbox 3140 3603 3363 3656; x_wconf 75' lang='lat' dir='ltr'><strong>defutura,</strong></span> <span class='ocrx_word' id='word_1_651' title='bbox 3393 3602 3581 3646; x_wconf 81' lang='lat' dir='ltr'><strong>Wirc.=</strong></span> <span class='ocrx_word' id='word_1_652' title='bbox 3613 3602 3801 3645; x_wconf 71' lang='lat' dir='ltr'><strong>defuturi</strong></span> <span class='ocrx_word' id='word_1_653' title='bbox 3830 3603 3919 3646; x_wconf 77' lang='lat' dir='ltr'><strong>sint</strong></span> 
     </span>
    </p>
   </div>
   <div class='ocr_carea' id='block_1_25' title="bbox 2575 3672 4221 3788">
    <p class='ocr_par' dir='ltr' id='par_1_48' title="bbox 2575 3672 4221 3788">
     <span class='ocr_line' id='line_1_99' title="bbox 2575 3672 4217 3728; baseline 0 -11"><span class='ocrx_word' id='word_1_654' title='bbox 2575 3673 2655 3728; x_wconf 79' lang='grc'><strong>66)</strong></span> <span class='ocrx_word' id='word_1_655' title='bbox 2685 3679 2815 3715; x_wconf 80' lang='lat' dir='ltr'><strong>notus</strong></span> <span class='ocrx_word' id='word_1_656' title='bbox 2842 3674 2899 3715; x_wconf 83' lang='lat' dir='ltr'><strong>sit</strong></span> <span class='ocrx_word' id='word_1_657' title='bbox 2949 3673 3130 3716; x_wconf 56' lang='lat' dir='ltr'><strong>Faba:</strong></span> <span class='ocrx_word' id='word_1_658' title='bbox 3161 3675 3219 3716; x_wconf 84' lang='lat' dir='ltr'><strong>sit</strong></span> <span class='ocrx_word' id='word_1_659' title='bbox 3245 3679 3390 3726; x_wconf 77' lang='lat' dir='ltr'><strong>notos,</strong></span> <span class='ocrx_word' id='word_1_660' title='bbox 3419 3672 3512 3715; x_wconf 71' lang='lat' dir='ltr'><strong>Ed.</strong></span> <span class='ocrx_word' id='word_1_661' title='bbox 3550 3680 3687 3718; x_wconf 58' lang='grc' dir='ltr'><strong>επις</strong></span> <span class='ocrx_word' id='word_1_662' title='bbox 3717 3681 3839 3717; x_wconf 80' lang='lat' dir='ltr'><strong>vetus</strong></span> <span class='ocrx_word' id='word_1_663' title='bbox 3867 3675 3954 3726; x_wconf 77' lang='lat' dir='ltr'><strong>sit,-</strong></span> <span class='ocrx_word' id='word_1_664' title='bbox 3983 3673 4141 3718; x_wconf 70' lang='lat' dir='ltr'><strong>Gess-</strong></span> <span class='ocrx_word' id='word_1_665' title='bbox 4171 3676 4217 3718; x_wconf 75' lang='lat'><strong>².</strong></span> 
     </span>
     <span class='ocr_line' id='line_1_100' title="bbox 2683 3729 4221 3788; baseline 0.002 -17"><span class='ocrx_word' id='word_1_666' title='bbox 2683 3732 2865 3788; x_wconf 55' lang='lat' dir='ltr'><strong>primun</strong></span> <span class='ocrx_word' id='word_1_667' title='bbox 2976 3731 3061 3772; x_wconf 73' lang='lat' dir='ltr'><strong>uit:</strong></span> <span class='ocrx_word' id='word_1_668' title='bbox 3090 3737 3220 3773; x_wconf 82' lang='lat' dir='ltr'><strong>notus</strong></span> <span class='ocrx_word' id='word_1_669' title='bbox 3249 3732 3310 3773; x_wconf 78' lang='lat' dir='ltr'><strong>sit</strong></span> <span class='ocrx_word' id='word_1_670' title='bbox 3339 3730 3455 3787; x_wconf 70' lang='lat' dir='ltr'><strong>qood</strong></span> <span class='ocrx_word' id='word_1_671' title='bbox 3468 3729 3903 3776; x_wconf 59' lang='lat' dir='ltr'><strong>deindo-meatuum</strong></span> <span class='ocrx_word' id='word_1_672' title='bbox 3920 3732 3989 3773; x_wconf 67' lang='lat' dir='ltr'><strong>is:</strong></span> <span class='ocrx_word' id='word_1_673' title='bbox 4020 3738 4145 3774; x_wconf 70' lang='lat' dir='ltr'><strong>vetus</strong></span> <span class='ocrx_word' id='word_1_674' title='bbox 4158 3733 4221 3774; x_wconf 66' lang='lat' dir='ltr'><strong>sit</strong></span> 
     </span>
    </p>
   </div>
   <div class='ocr_carea' id='block_1_26' title="bbox 2571 3799 4219 4607">
    <p class='ocr_par' dir='ltr' id='par_1_49' title="bbox 2574 3799 4216 3915">
     <span class='ocr_line' id='line_1_101' title="bbox 2574 3799 4216 3860; baseline 0 -14"><span class='ocrx_word' id='word_1_675' title='bbox 2574 3804 2655 3857; x_wconf 85' lang='grc'><strong>87)</strong></span> <span class='ocrx_word' id='word_1_676' title='bbox 2683 3799 2842 3858; x_wconf 82' lang='lat' dir='ltr'><strong>pariat]</strong></span> <span class='ocrx_word' id='word_1_677' title='bbox 2871 3802 2965 3843; x_wconf 79' lang='lat' dir='ltr'><strong>Ed.</strong></span> <span class='ocrx_word' id='word_1_678' title='bbox 2994 3808 3135 3845; x_wconf 82' lang='lat' dir='ltr'><strong>snt.=</strong></span> <span class='ocrx_word' id='word_1_679' title='bbox 3180 3809 3336 3857; x_wconf 81' lang='lat' dir='ltr'><strong>pareat</strong></span> <span class='ocrx_word' id='word_1_680' title='bbox 3374 3800 3426 3843; x_wconf 74' lang='lat' dir='ltr'><strong>Iu</strong></span> <span class='ocrx_word' id='word_1_681' title='bbox 3454 3801 3666 3847; x_wconf 54' lang='grc' dir='ltr'><strong>(ἔμελ.</strong></span> <span class='ocrx_word' id='word_1_682' title='bbox 3695 3805 3870 3858; x_wconf 80' lang='lat' dir='ltr'><strong>pariat,</strong></span> <span class='ocrx_word' id='word_1_683' title='bbox 3903 3802 4216 3860; x_wconf 62' lang='lat' dir='ltr'><strong>quodpiam</strong></span> 
     </span>
     <span class='ocr_line' id='line_1_102' title="bbox 2690 3860 3618 3915; baseline 0 -12"><span class='ocrx_word' id='word_1_684' title='bbox 2690 3865 2782 3903; x_wconf 72' lang='lat' dir='ltr'><strong>emt</strong></span> <span class='ocrx_word' id='word_1_685' title='bbox 2810 3860 3029 3915; x_wconf 65' lang='lat' dir='ltr'><strong>mptum,</strong></span> <span class='ocrx_word' id='word_1_686' title='bbox 3056 3865 3256 3902; x_wconf 62' lang='lat' dir='ltr'><strong>stradam</strong></span> <span class='ocrx_word' id='word_1_687' title='bbox 3284 3865 3344 3903; x_wconf 75' lang='lat' dir='ltr'><strong>est</strong></span> <span class='ocrx_word' id='word_1_688' title='bbox 3369 3862 3438 3903; x_wconf 69' lang='lat' dir='ltr'><strong>in:</strong></span> <span class='ocrx_word' id='word_1_689' title='bbox 3467 3866 3618 3914; x_wconf 74' lang='lat' dir='ltr'><strong>pereat</strong></span> 
     </span>
    </p>

    <p class='ocr_par' dir='ltr' id='par_1_50' title="bbox 2574 3930 4213 4032">
     <span class='ocr_line' id='line_1_103' title="bbox 2574 3930 4213 3988; baseline -0.001 -13"><span class='ocrx_word' id='word_1_690' title='bbox 2574 3932 2655 3988; x_wconf 90' lang='grc'><strong>88)</strong></span> <span class='ocrx_word' id='word_1_691' title='bbox 2685 3932 2883 3973; x_wconf 78' lang='lat' dir='ltr'><strong>exerceri</strong></span> <span class='ocrx_word' id='word_1_692' title='bbox 2911 3931 3139 3987; x_wconf 81' lang='lat' dir='ltr'><strong>seniciam]</strong></span> <span class='ocrx_word' id='word_1_693' title='bbox 3166 3931 3388 3982; x_wconf 51' lang='lat' dir='ltr'><strong>Onolda</strong></span> <span class='ocrx_word' id='word_1_694' title='bbox 3419 3933 3612 3974; x_wconf 82' lang='lat' dir='ltr'><strong>exerceri</strong></span> <span class='ocrx_word' id='word_1_695' title='bbox 3640 3934 3915 3986; x_wconf 77' lang='lat' dir='ltr'><strong>sententiam,</strong></span> <span class='ocrx_word' id='word_1_696' title='bbox 3943 3930 4040 3975; x_wconf 72' lang='lat' dir='ltr'><strong>Ed.</strong></span> <span class='ocrx_word' id='word_1_697' title='bbox 4070 3937 4213 3988; x_wconf 50' lang='lat' dir='ltr'><strong>{an</strong></span> 
     </span>
     <span class='ocr_line' id='line_1_104' title="bbox 2691 3991 3186 4032; baseline 0.002 -1"><span class='ocrx_word' id='word_1_698' title='bbox 2691 4001 2897 4032; x_wconf 80' lang='lat' dir='ltr'><strong>exercere</strong></span> <span class='ocrx_word' id='word_1_699' title='bbox 2924 3991 3186 4032; x_wconf 76' lang='lat' dir='ltr'><strong>sententiam</strong></span> 
     </span>
    </p>

    <p class='ocr_par' dir='ltr' id='par_1_51' title="bbox 2575 4049 3591 4117">
     <span class='ocr_line' id='line_1_105' title="bbox 2575 4049 3591 4117; baseline -0.001 -13"><span class='ocrx_word' id='word_1_700' title='bbox 2575 4061 2655 4116; x_wconf 76' lang='lat' dir='ltr'><strong>sa)</strong></span> <span class='ocrx_word' id='word_1_701' title='bbox 2685 4049 2925 4117; x_wconf 70' lang='lat' dir='ltr'><strong>praecepit]</strong></span> <span class='ocrx_word' id='word_1_702' title='bbox 2954 4060 3110 4103; x_wconf 71' lang='lat' dir='ltr'><strong>Dosa.</strong></span> <span class='ocrx_word' id='word_1_703' title='bbox 3126 4092 3140 4114; x_wconf 90' lang='lat'>‚</span> <span class='ocrx_word' id='word_1_704' title='bbox 3168 4061 3350 4104; x_wconf 56' lang='lat' dir='ltr'><strong>Faba:</strong></span> <span class='ocrx_word' id='word_1_705' title='bbox 3379 4062 3591 4117; x_wconf 72' lang='lat' dir='ltr'><strong>praecipit</strong></span> 
     </span>
    </p>

    <p class='ocr_par' dir='ltr' id='par_1_52' title="bbox 2574 4131 4146 4188">
     <span class='ocr_line' id='line_1_106' title="bbox 2574 4131 4146 4188; baseline -0.001 -12"><span class='ocrx_word' id='word_1_706' title='bbox 2574 4132 2655 4188; x_wconf 81' lang='grc'><strong>60)</strong></span> <span class='ocrx_word' id='word_1_707' title='bbox 2685 4132 2947 4187; x_wconf 78' lang='lat' dir='ltr'><strong>coniugium.</strong></span> <span class='ocrx_word' id='word_1_708' title='bbox 3004 4132 3166 4187; x_wconf 73' lang='lat' dir='ltr'><strong>Leges]</strong></span> <span class='ocrx_word' id='word_1_709' title='bbox 3197 4131 3415 4186; x_wconf 88' lang='lat' dir='ltr'><strong>Onold.‚</strong></span> <span class='ocrx_word' id='word_1_710' title='bbox 3444 4132 3537 4176; x_wconf 79' lang='lat' dir='ltr'><strong>Ed.</strong></span> <span class='ocrx_word' id='word_1_711' title='bbox 3566 4138 3694 4175; x_wconf 82' lang='lat' dir='ltr'><strong>snt.=</strong></span> <span class='ocrx_word' id='word_1_712' title='bbox 3726 4132 3995 4188; x_wconf 63' lang='lat' dir='ltr'><strong>coniugium,</strong></span> <span class='ocrx_word' id='word_1_713' title='bbox 4023 4132 4146 4188; x_wconf 69' lang='lat' dir='ltr'><strong>leges</strong></span> 
     </span>
    </p>

    <p class='ocr_par' dir='ltr' id='par_1_53' title="bbox 2574 4202 3629 4261">
     <span class='ocr_line' id='line_1_107' title="bbox 2574 4202 3629 4261; baseline -0.001 -14"><span class='ocrx_word' id='word_1_714' title='bbox 2574 4203 2654 4258; x_wconf 83' lang='grc'><strong>61)</strong></span> <span class='ocrx_word' id='word_1_715' title='bbox 2685 4203 2814 4258; x_wconf 83' lang='lat' dir='ltr'><strong>hene]</strong></span> <span class='ocrx_word' id='word_1_716' title='bbox 2843 4206 2889 4245; x_wconf 70' lang='lat' dir='ltr'><strong>in</strong></span> <span class='ocrx_word' id='word_1_717' title='bbox 2917 4202 3065 4246; x_wconf 85' lang='lat' dir='ltr'><strong>Cass.</strong></span> <span class='ocrx_word' id='word_1_718' title='bbox 3097 4206 3140 4246; x_wconf 77' lang='lat'><strong>2.</strong></span> <span class='ocrx_word' id='word_1_719' title='bbox 3168 4205 3215 4246; x_wconf 65' lang='grc' dir='ltr'><strong>ὄπ</strong></span> <span class='ocrx_word' id='word_1_720' title='bbox 3241 4205 3433 4261; x_wconf 71' lang='lat' dir='ltr'><strong>mqine</strong></span> <span class='ocrx_word' id='word_1_721' title='bbox 3461 4204 3629 4260; x_wconf 57' lang='lat' dir='ltr'><strong>eeyuuq.</strong></span> 
     </span>
    </p>

    <p class='ocr_par' dir='ltr' id='par_1_54' title="bbox 2574 4272 4219 4378">
     <span class='ocr_line' id='line_1_108' title="bbox 2574 4272 4219 4330; baseline 0.001 -12"><span class='ocrx_word' id='word_1_722' title='bbox 2574 4274 2655 4330; x_wconf 78' lang='lat'><strong>92)</strong></span> <span class='ocrx_word' id='word_1_723' title='bbox 2685 4275 2985 4328; x_wconf 63' lang='lat' dir='ltr'><strong>omsuemna]</strong></span> <span class='ocrx_word' id='word_1_724' title='bbox 3021 4275 3178 4319; x_wconf 75' lang='lat' dir='ltr'><strong>Nox-,2</strong></span> <span class='ocrx_word' id='word_1_725' title='bbox 3213 4275 3441 4318; x_wconf 66' lang='lat' dir='ltr'><strong>affluerunt</strong></span> <span class='ocrx_word' id='word_1_726' title='bbox 3479 4282 3765 4321; x_wconf 79' lang='lat' dir='ltr'><strong>ernsuerunt.</strong></span> <span class='ocrx_word' id='word_1_727' title='bbox 3825 4281 4007 4321; x_wconf 64' lang='lat' dir='ltr'><strong>numu·</strong></span> <span class='ocrx_word' id='word_1_728' title='bbox 4043 4272 4219 4320; x_wconf 64' lang='lat' dir='ltr'><strong>eeu-&amp;-</strong></span> 
     </span>
     <span class='ocr_line' id='line_1_109' title="bbox 2689 4331 3410 4378; baseline 0.007 -5"><span class='ocrx_word' id='word_1_729' title='bbox 2689 4332 2917 4374; x_wconf 74' lang='lat' dir='ltr'><strong>afficerunt</strong></span> <span class='ocrx_word' id='word_1_730' title='bbox 2945 4333 3075 4375; x_wconf 64' lang='lat' dir='ltr'><strong>utura</strong></span> <span class='ocrx_word' id='word_1_731' title='bbox 3102 4331 3305 4376; x_wconf 71' lang='lat' dir='ltr'><strong>sublatum</strong></span> <span class='ocrx_word' id='word_1_732' title='bbox 3334 4340 3410 4378; x_wconf 71' lang='lat' dir='ltr'><strong>eet.</strong></span> 
     </span>
    </p>

    <p class='ocr_par' dir='ltr' id='par_1_55' title="bbox 2571 4402 3237 4460">
     <span class='ocr_line' id='line_1_110' title="bbox 2571 4402 3237 4460; baseline 0 -13"><span class='ocrx_word' id='word_1_733' title='bbox 2571 4403 2654 4460; x_wconf 81' lang='grc'><strong>63)</strong></span> <span class='ocrx_word' id='word_1_734' title='bbox 2682 4402 2855 4460; x_wconf 84' lang='lat' dir='ltr'><strong>poenis]</strong></span> <span class='ocrx_word' id='word_1_735' title='bbox 2886 4403 3039 4447; x_wconf 81' lang='lat' dir='ltr'><strong>Dess.</strong></span> <span class='ocrx_word' id='word_1_736' title='bbox 3069 4405 3237 4447; x_wconf 59' lang='lat' dir='ltr'><strong>enauit.</strong></span> 
     </span>
    </p>

    <p class='ocr_par' dir='ltr' id='par_1_56' title="bbox 2571 4473 4019 4534">
     <span class='ocr_line' id='line_1_111' title="bbox 2571 4473 4019 4534; baseline 0 -15"><span class='ocrx_word' id='word_1_737' title='bbox 2571 4476 2653 4532; x_wconf 75' lang='grc'><strong>64)</strong></span> <span class='ocrx_word' id='word_1_738' title='bbox 2683 4483 2728 4519; x_wconf 75' lang='lat' dir='ltr'><strong>et</strong></span> <span class='ocrx_word' id='word_1_739' title='bbox 2755 4476 2930 4530; x_wconf 83' lang='lat' dir='ltr'><strong>quidem</strong></span> <span class='ocrx_word' id='word_1_740' title='bbox 2956 4473 3238 4534; x_wconf 72' lang='lat' dir='ltr'><strong>Sacerdotes]</strong></span> <span class='ocrx_word' id='word_1_741' title='bbox 3268 4476 3450 4521; x_wconf 53' lang='lat' dir='ltr'><strong>Fatua</strong></span> <span class='ocrx_word' id='word_1_742' title='bbox 3480 4476 3743 4521; x_wconf 78' lang='lat' dir='ltr'><strong>Sacerdotes</strong></span> <span class='ocrx_word' id='word_1_743' title='bbox 3772 4482 3818 4518; x_wconf 73' lang='lat' dir='ltr'><strong>et</strong></span> <span class='ocrx_word' id='word_1_744' title='bbox 3844 4476 4019 4532; x_wconf 77' lang='lat' dir='ltr'><strong>quiden</strong></span> 
     </span>
    </p>

    <p class='ocr_par' dir='ltr' id='par_1_57' title="bbox 2571 4543 3896 4607">
     <span class='ocr_line' id='line_1_112' title="bbox 2571 4543 3896 4607; baseline -0.001 -17"><span class='ocrx_word' id='word_1_745' title='bbox 2571 4547 2653 4602; x_wconf 86' lang='grc'><strong>65)</strong></span> <span class='ocrx_word' id='word_1_746' title='bbox 2681 4543 2938 4605; x_wconf 66' lang='lat' dir='ltr'><strong>probibitio]</strong></span> <span class='ocrx_word' id='word_1_747' title='bbox 2969 4547 3185 4590; x_wconf 84' lang='lat' dir='ltr'><strong>Onold.=</strong></span> <span class='ocrx_word' id='word_1_748' title='bbox 3216 4547 3451 4603; x_wconf 76' lang='lat' dir='ltr'><strong>prohibitis</strong></span> <span class='ocrx_word' id='word_1_749' title='bbox 3480 4548 3565 4604; x_wconf 76' lang='lat' dir='ltr'><strong>(sie</strong></span> <span class='ocrx_word' id='word_1_750' title='bbox 3592 4546 3896 4607; x_wconf 57' lang='lat' dir='ltr'><strong>apogr-optem)</strong></span> 
     </span>
    </p>
   </div>
   <div class='ocr_carea' id='block_1_27' title="bbox 2570 4617 4216 4735">
    <p class='ocr_par' dir='ltr' id='par_1_58' title="bbox 2570 4617 4216 4735">
     <span class='ocr_line' id='line_1_113' title="bbox 2570 4617 4216 4678; baseline 0.001 -16"><span class='ocrx_word' id='word_1_751' title='bbox 2570 4618 2645 4669; x_wconf 87' lang='grc'><strong>66)</strong></span> <span class='ocrx_word' id='word_1_752' title='bbox 2677 4618 2753 4662; x_wconf 87' lang='lat' dir='ltr'><strong>lib.</strong></span> <span class='ocrx_word' id='word_1_753' title='bbox 2794 4620 2835 4661; x_wconf 83' lang='lat'><strong>1.</strong></span> <span class='ocrx_word' id='word_1_754' title='bbox 2879 4618 3072 4674; x_wconf 73' lang='lat' dir='ltr'><strong>Epistol.</strong></span> <span class='ocrx_word' id='word_1_755' title='bbox 3127 4617 3210 4678; x_wconf 60' lang='grc' dir='ltr'><strong>πὶ]</strong></span> <span class='ocrx_word' id='word_1_756' title='bbox 3254 4620 3401 4666; x_wconf 80' lang='lat' dir='ltr'><strong>Cass.</strong></span> <span class='ocrx_word' id='word_1_757' title='bbox 3449 4621 3517 4674; x_wconf 75' lang='lat'><strong>2..</strong></span> <span class='ocrx_word' id='word_1_758' title='bbox 3559 4619 3718 4674; x_wconf 66' lang='lat' dir='ltr'><strong>Non,</strong></span> <span class='ocrx_word' id='word_1_759' title='bbox 3761 4618 3986 4675; x_wconf 82' lang='lat' dir='ltr'><strong>Onold.,</strong></span> <span class='ocrx_word' id='word_1_760' title='bbox 4027 4619 4216 4674; x_wconf 71' lang='lat' dir='ltr'><strong>wi...</strong></span> 
     </span>
     <span class='ocr_line' id='line_1_114' title="bbox 2687 4675 4216 4735; baseline 0.001 -16"><span class='ocrx_word' id='word_1_761' title='bbox 2687 4675 2827 4729; x_wconf 54' lang='lat' dir='ltr'><strong>Rau,</strong></span> <span class='ocrx_word' id='word_1_762' title='bbox 2857 4676 3050 4730; x_wconf 76' lang='lat' dir='ltr'><strong>wire..</strong></span> <span class='ocrx_word' id='word_1_763' title='bbox 3079 4676 3175 4720; x_wconf 70' lang='lat' dir='ltr'><strong>Ed.</strong></span> <span class='ocrx_word' id='word_1_764' title='bbox 3198 4683 3330 4730; x_wconf 79' lang='lat' dir='ltr'><strong>snt..</strong></span> <span class='ocrx_word' id='word_1_765' title='bbox 3358 4676 3537 4721; x_wconf 70' lang='lat' dir='ltr'><strong>Fsbm</strong></span> <span class='ocrx_word' id='word_1_766' title='bbox 3566 4678 3664 4722; x_wconf 81' lang='lat' dir='ltr'><strong>Lib.</strong></span> <span class='ocrx_word' id='word_1_767' title='bbox 3693 4676 3732 4724; x_wconf 78' lang='lat'><strong>1.</strong></span> <span class='ocrx_word' id='word_1_768' title='bbox 3774 4676 4068 4734; x_wconf 67' lang='lat' dir='ltr'><strong>Epi-telana</strong></span> <span class='ocrx_word' id='word_1_769' title='bbox 4101 4676 4216 4735; x_wconf 66' lang='lat'><strong>19¹-</strong></span> 
     </span>
    </p>
   </div>
   <div class='ocr_carea' id='block_1_28' title="bbox 2686 4735 3727 4811">
    <p class='ocr_par' dir='ltr' id='par_1_59' title="bbox 2686 4735 3727 4811">
     <span class='ocr_line' id='line_1_115' title="bbox 2686 4735 3727 4811; baseline 0.001 -20"><span class='ocrx_word' id='word_1_770' title='bbox 2686 4747 2915 4800; x_wconf 69' lang='lat' dir='ltr'><strong>·tolsxx..</strong></span> <span class='ocrx_word' id='word_1_771' title='bbox 2942 4748 3126 4792; x_wconf 69' lang='lat' dir='ltr'><strong>nos-‚2</strong></span> <span class='ocrx_word' id='word_1_772' title='bbox 3158 4748 3235 4794; x_wconf 72' lang='lat' dir='ltr'><strong>nb.</strong></span> <span class='ocrx_word' id='word_1_773' title='bbox 3256 4750 3296 4790; x_wconf 86' lang='lat'><strong>1.</strong></span> <span class='ocrx_word' id='word_1_774' title='bbox 3313 4735 3577 4805; x_wconf 49' lang='lat' dir='ltr'><strong>quaxn-</strong></span> <span class='ocrx_word' id='word_1_775' title='bbox 3606 4749 3661 4792; x_wconf 75' lang='lat'><strong>12</strong></span> <span class='ocrx_word' id='word_1_776' title='bbox 3703 4791 3727 4811; x_wconf 71' lang='grc'>,</span> 
     </span>
    </p>
   </div>
   <div class='ocr_carea' id='block_1_29' title="bbox 2585 1965 4321 2041">
    <p class='ocr_par' dir='ltr' id='par_1_60' title="bbox 2585 1965 4321 2041">
     <span class='ocr_line' id='line_1_116' title="bbox 2585 1965 4321 2041; baseline 0.003 -19"><span class='ocrx_word' id='word_1_777' title='bbox 2585 1970 2840 2026; x_wconf 79' lang='lat' dir='ltr'><strong>omnibus</strong></span> <span class='ocrx_word' id='word_1_778' title='bbox 2878 1971 3050 2024; x_wconf 88' lang='lat' dir='ltr'><strong>rebus</strong></span> <span class='ocrx_word' id='word_1_779' title='bbox 3084 1965 3324 2041; x_wconf 84' lang='lat' dir='ltr'><strong>publicis</strong></span> <span class='ocrx_word' id='word_1_780' title='bbox 3371 1970 3516 2025; x_wconf 90' lang='lat' dir='ltr'><strong>bene</strong></span> <span class='ocrx_word' id='word_1_781' title='bbox 3537 1974 3614 2031; x_wconf 86' lang='lat'><strong>⁹¹)</strong></span> <span class='ocrx_word' id='word_1_782' title='bbox 3651 1971 3996 2039; x_wconf 86' lang='lat' dir='ltr'><strong>constitutis,</strong></span> <span class='ocrx_word' id='word_1_783' title='bbox 4052 1974 4221 2027; x_wconf 82' lang='lat' dir='ltr'><strong>etiam</strong></span> <span class='ocrx_word' id='word_1_784' title='bbox 4313 1972 4321 1985; x_wconf 71' lang='lat'><strong>&#39;¹</strong></span> 
     </span>
    </p>
   </div>
  </div>
 </body>
</html>
